% This file was created with JabRef 2.9.2.
% Encoding: UTF8

@ARTICLE{assfalg_et_al_2008,
  author = {A{\ss}falg, Johannes and Kriegel, Hans P. and Kr{\"{o}}ger, Peer
	and Kunath, Peter and Pryakhin, Alexey and Renz, Matthias},
  title = {Similarity Search in Multimedia Time Series Data Using Amplitude-Level
	Features},
  journal = {Advances in Multimedia Modeling},
  year = {2008},
  volume = {4903},
  pages = {123--133},
  owner = {necrolyte},
  timestamp = {2014.06.18}
}

@ARTICLE{assfalg_et_al_2006,
  author = {A{\ss}falg, Johannes and Kriegel, Hans P. and Kr{\"{o}}ger, Peer
	and Kunath, Peter and Pryakhin, Alexey and Renz, Matthias},
  title = {Similarity Search on Time Series Based on Threshold Queries},
  journal = {Lecture Notes in Computer Science},
  year = {2006},
  volume = {3896},
  pages = {276--294},
  owner = {necrolyte},
  timestamp = {2014.06.18}
}

@INPROCEEDINGS{agrawal_et_al_1993,
  author = {Rakesh Agrawal and Christos Faloutsos and Arun Swami},
  title = {Efficient Similarity Search in Sequence Databases},
  booktitle = {Proceedings of the International Conference on Foundations of Data
	Organization and Algorithms},
  year = {1993},
  pages = {69--84},
  publisher = {Springer Verlag},
  date-added = {2012-04-22 15:03:17 +0200},
  date-modified = {2012-04-22 15:46:43 +0200}
}

@INPROCEEDINGS{agrawal_et_al_1998,
  author = {Agrawal, Rakesh and Gehrke, Johannes and Gunopulos, Dimitrios and
	Raghavan, Prabhakar},
  title = {Automatic Subspace Clustering of High Dimensional Data for Data Mining
	Applications},
  booktitle = {Proceedings of the ACM SIGMOD International Conference on Management
	of Data},
  year = {1998},
  pages = {94--105},
  owner = {necrolyte},
  timestamp = {2014.07.16}
}

@INPROCEEDINGS{agrawal_et_al_1995,
  author = {Agrawal, Rakesh and Lin, King-Ip and Sawhney, Harpreet S. and Shim,
	Kyuseok},
  title = {Fast Similarity Search in the Presence of Noise, Scaling, and Translation
	in Time-Series Databases},
  booktitle = {Proceedings of the International Conference on Very Large Data Bases},
  year = {1995},
  pages = {490--501},
  date-added = {2014-06-17 19:38:12 +0000},
  date-modified = {2014-06-17 19:40:53 +0000}
}

@INPROCEEDINGS{alon_et_al_2003,
  author = {Alon, Jonathan and Sclaroff, Stan and Kollios, George and Pavlovic,
	Vladimir},
  title = {Discovering Clusters in Motion Time-Series Data},
  booktitle = {IEEE Conference on Computer Vision and Pattern Recognition},
  year = {2003},
  pages = {375--381},
  owner = {necrolyte},
  timestamp = {2014.07.17}
}

@INCOLLECTION{alt_2009,
  author = {Helmut Alt},
  title = {The Computational Geometry of Comparing Shapes},
  booktitle = {Efficient Algorithms},
  publisher = {Springer Verlag},
  year = {2009},
  pages = {235--248},
  date-added = {2012-04-22 16:04:34 +0200},
  date-modified = {2012-04-22 16:15:10 +0200}
}

@ARTICLE{alt_godau_1995,
  author = {Helmut Alt and Michael Godau},
  title = {Computing the Fr{\'e}chet distance between two polygonal curves},
  journal = {International Journal of Computational Geometry and Applications},
  year = {1995},
  volume = {5},
  pages = {75--91},
  date-added = {2012-04-20 16:50:09 +0200},
  date-modified = {2012-04-20 17:00:12 +0200}
}

@INCOLLECTION{alt_and_guibas_1996,
  author = {Helmut Alt and Leonidas J. Guibas},
  title = {Discrete Geometric Shapes: Matching, Interpolation, and Approximation
	-- a survey},
  booktitle = {Handbook of Computational Geometry},
  publisher = {Elsevier Science Publishers B.V.},
  year = {1996},
  pages = {121--153},
  date-added = {2012-04-20 14:55:59 +0200},
  date-modified = {2012-04-20 15:03:28 +0200},
  institution = {Handbook of Computational Geometry}
}

@INPROCEEDINGS{andrews_and_heidegger_1998,
  author = {Andrews, Keith and Heidegger, Helmut},
  title = {Information Slices: Visualising and Exploring Large Hierarchies using
	Cascading, Semi-Circular Discs},
  booktitle = {Proceedings of IEEE Symposium on Information Visualization},
  year = {1998},
  owner = {necrolyte},
  timestamp = {2014.07.21}
}

@INPROCEEDINGS{Andrews_2009,
  author = {Keith Andrews and Martin Wohlfahrt and Gerhard Wurzinger},
  title = {Visual Graph Comparison},
  booktitle = {Proceedings of the 13th International Conference on Information Visualisation},
  year = {2009},
  pages = {62--67},
  owner = {necrolyte},
  timestamp = {2013.03.22}
}

@ARTICLE{andrienko_and_andrienko_2010,
  author = {Andrienko, G. L. and Andrienko, N. V.},
  title = {A General Framework for Using Aggregation in Visual Exploration of
	Movement Data},
  journal = {The Cartographic Journal},
  year = {2010},
  volume = {47},
  pages = {22--40},
  number = {1},
  owner = {necrolyte},
  timestamp = {2014.06.25}
}

@BOOK{andrienko_et_al_2013,
  title = {Visual Analytics of Movement},
  publisher = {Springer},
  year = {2013},
  author = {Andrienko, Gennady L. and Andrienko, Natalia V. and Bak, Peter and
	Keim, Daniel A. and Wrobel, Stefan},
  owner = {necrolyte},
  timestamp = {2014.06.25}
}

@ARTICLE{andrienko_et_al_2010,
  author = {Andrienko, G. L. and Andrienko, N. V. and Bremm, S. and Schreck,
	T. and von Landesberger, T. and Bak, P. and Keim, D.},
  title = {Space-in-time and Time-in-space Self-organizing Maps for Exploring
	Spatiotemporal Patterns},
  journal = {Computer Graphics Forum},
  year = {2010},
  volume = {29},
  pages = {913--922},
  booktitle = {Eurographics - IEEE VGTC Symposium on Visualization},
  owner = {necrolyte},
  timestamp = {2014.06.26}
}

@ARTICLE{andrienko_et_al_2012,
  author = {Andrienko, Gennady L. and Andrienko, Natalia V. and Burch, Michael
	and Weiskopf, Daniel},
  title = {Visual Analytics Methodology for Eye Movement Studies},
  journal = {IEEE Transactions on Visualization and Computer Graphics},
  year = {2012},
  volume = {18},
  pages = {2889--2898},
  number = {12},
  owner = {necrolyte},
  timestamp = {2014.06.25}
}

@ARTICLE{andrienko_et_al_2011a,
  author = {Andrienko, Gennady L. and Andrienko, Natalia V. and Heurich, Marco},
  title = {An event-based conceptual model for context-aware movement analysis},
  journal = {International Journal of Geographical Information Science},
  year = {2011},
  volume = {25},
  pages = {1347--1370},
  owner = {necrolyte},
  timestamp = {2014.06.28}
}

@ARTICLE{andrienko_et_al_2013a,
  author = {Andrienko, Gennady L. and Andrienko, Natalia V. and Hurter, Christophe
	and Rinzivillo, Salvatore and Wrobel, Stefan},
  title = {Scalable Analysis of Movement Data for Extracting and Exploring Significant
	Places},
  journal = {IEEE Transactions on Visualization and Computer Graphics},
  year = {2013},
  volume = {19},
  pages = {1078--1094},
  number = {7},
  owner = {necrolyte},
  timestamp = {2014.06.25}
}

@INPROCEEDINGS{andrienko_et_al_2011,
  author = {Andrienko, Gennady L. and Andrienko, Natalia V. and Hurter, Christophe
	and Rinzivillo, Salvatore and Wrobel, Stefan},
  title = {From movement tracks through events to places: Extracting and characterizing
	significant places from mobility data},
  booktitle = {IEEE Conference on Visual Analytics Science and Technology},
  year = {2011},
  pages = {161--170},
  owner = {necrolyte},
  timestamp = {2014.06.25}
}

@INBOOK{andrienko_et_al_2008,
  chapter = {13},
  pages = {375--410},
  title = {Visual Analytics Methods for Movement Data},
  publisher = {Springer},
  year = {2008},
  author = {G. L. Andrienko and N. V. Andrienko and I. Kopanakis and A. Ligtenberg
	and S. Wrobel},
  owner = {necrolyte},
  timestamp = {2014.06.25}
}

@INPROCEEDINGS{andrienko_et_al_2009,
  author = {Andrienko, G. L. and Andrienko, N. V. and Rinzivillo, S. and Nanni,
	M. and Pedreschi, D. and Giannotti, F.},
  title = {Interactive Visual Clustering of Large Collections of Trajectories},
  booktitle = {IEEE Symposium on Visual Analytics Science and Technology},
  year = {2009},
  pages = {3--10},
  owner = {necrolyte},
  timestamp = {2014.06.25}
}

@ARTICLE{andrienko_et_al_2007,
  author = {Andrienko, Gennady L. and Andrienko, Natalia V. and Wrobel, Stefan},
  title = {Visual analytics tools for analysis of movement data},
  journal = {Knowledge Discovery and Data Mining Exploration Newsletter},
  year = {2007},
  volume = {9},
  pages = {38--46},
  owner = {necrolyte},
  timestamp = {2014.06.11}
}

@ARTICLE{andrienko_and_andrienko_2013,
  author = {Andrienko, Natalia V. and Andrienko, Gennady L.},
  title = {Visual analytics of movement: An overview of methods, tools and procedures},
  journal = {Information Visualization},
  year = {2013},
  volume = {12},
  pages = {3--24},
  number = {1},
  owner = {necrolyte},
  timestamp = {2014.06.11}
}

@ARTICLE{andrienko_and_andrienko_2011,
  author = {Natalia V. Andrienko and Gennady L. Andrienko},
  title = {Spatial Generalization and Aggregation of Massive Movement Data},
  journal = {IEEE Transactions on Visualization and Computer Graphics},
  year = {2011},
  volume = {17},
  pages = {205--219},
  number = {2},
  owner = {necrolyte},
  timestamp = {2014.06.25}
}

@INPROCEEDINGS{andrienko_et_al_2000,
  author = {Andrienko, Natalia V. and Andrienko, Gennady L. and Gatalsky, Peter},
  title = {Supporting Visual Exploration of Object Movement},
  booktitle = {Advanced Visual Interfaces},
  year = {2000},
  owner = {necrolyte},
  timestamp = {2014.06.25}
}

@INPROCEEDINGS{ankerest_et_al_1999,
  author = {Mihael Ankerst and Markus M. Breunig and Hans-Peter Kriegel and J{\"o}rg
	Sander},
  title = {OPTICS: Ordering Points To Identify the Clustering Structure},
  booktitle = {Proceedings of the International Conference on Management of Data},
  year = {1999},
  pages = {49--60},
  owner = {necrolyte},
  timestamp = {2014.06.25}
}

@ARTICLE{Arsic_et_al_2012,
  author = {Branko Arsi\'{c} and Drago\v{s} Cvetkovi\'{c} and Slobodan K. Simi\'{c}
	and Milan \v{S}kari\'{c}},
  title = {Graph Spectral Techniques in Computer Sciences},
  journal = {Applicable Analysis and Discrete Mathematics},
  year = {2012},
  volume = {6},
  pages = {1--30},
  owner = {necrolyte},
  timestamp = {2013.03.22}
}

@ARTICLE{aubouy_et_al_2003,
  author = {Aubouy, Miguel and Jiang, Yi and Glazier, James A. and Graner, François},
  title = {A texture tensor to quantify deformations},
  journal = {Granul Matter},
  year = {2003},
  volume = {5},
  pages = {67--70},
  doi = {10.1007/s10035-003-0126-x},
  owner = {necrolyte},
  timestamp = {2015.07.22}
}

@ARTICLE{aydin_et_al_2011,
  author = {Ayd\in, Burcu and Pataki, G\´abor and Wang, Haonan and Ladha, Alim
	and Bullitt, Elizabeth and Marron, J.S.},
  title = {Visualizing the structure of large trees},
  journal = {Electronic Journal of Statistics},
  year = {2011},
  volume = {5},
  pages = {405--420},
  owner = {necrolyte},
  timestamp = {2014.07.21}
}

@ARTICLE{bak_et_al_2009,
  author = {Bak, Peter and Mansmann, Florian and Janetzko, Halldor and Keim,
	Daniel A.},
  title = {Spatiotemporal Analysis of Sensor Logs using Growth Ring Maps},
  journal = {IEEE Transactions on Visualization and Computer Graphics},
  year = {2009},
  volume = {15},
  pages = {913--920},
  owner = {necrolyte},
  timestamp = {2014.06.26}
}

@INPROCEEDINGS{barlow_and_neville_2001,
  author = {Barlow, Todd and Neville, Padraic},
  title = {A Comparison of 2-D Visualizations of Hierarchies},
  booktitle = {Proceedings of the IEEE Symposium on Information Visualization},
  year = {2001},
  owner = {necrolyte},
  timestamp = {2014.07.21}
}

@INPROCEEDINGS{beckmann_et_al_1990,
  author = {Beckmann, Norbert and Kriegel, Hans-Peter and Schneider, Ralf and
	Seeger, Bernhard},
  title = {The {R}*-Tree: An Efficient and Robust Access Method for Points and
	Rectangles},
  booktitle = {Proceedings of the SIGMOD Conference On Management of Data},
  year = {1990},
  pages = {322--331},
  owner = {jfangera},
  timestamp = {2014.06.12}
}

@INPROCEEDINGS{bernardini_bajaj_1997,
  author = {Fausto Bernardini and Chandrajit L. Bajaj},
  title = {Sampling and Reconstructing Manifolds Using Alpha-Shapes},
  booktitle = {Proceedings of the 9th Canadian Conference on Computational Geometry},
  year = {1997},
  owner = {necrolyte},
  timestamp = {2014.03.07}
}

@INPROCEEDINGS{berndt_clifford_1994,
  author = {D. J. Berndt and J. Clifford},
  title = {Using Dynamic Time Warping to Find Patterns in Time Series},
  booktitle = {Workshop on Knowledge Discovery in Databases},
  year = {1994},
  pages = {359--370},
  date-added = {2012-04-22 15:14:36 +0200},
  date-modified = {2012-04-22 15:16:40 +0200}
}

@ARTICLE{besson_and_dumais_2011,
  author = {Besson, Sébastien and Dumais, Jacques},
  title = {Universal rule for the symmetric division of plant cells},
  journal = {Proc Natl Acad Sci USA},
  year = {2011},
  volume = {108},
  pages = {6294--6299},
  number = {15},
  doi = {10.1073/pnas.1011866108},
  owner = {necrolyte},
  timestamp = {2015.05.07}
}

@ARTICLE{bille_2005,
  author = {Philip Bille},
  title = {A survey on tree edit distance and related problems},
  journal = {Theoretical computer science},
  year = {2005},
  volume = {337},
  pages = {217--239},
  number = {1},
  owner = {necrolyte},
  timestamp = {2014.02.14}
}

@BOOK{BorgGroenen_2005,
  title = {Modern Multidimensional Scaling: Theory and Applications},
  publisher = {Springer},
  year = {2005},
  editor = {{}},
  author = {I. Borg and P.J.F. Groenen},
  owner = {necrolyte},
  timestamp = {2013.03.22}
}

@ARTICLE{bosveld_et_al_2012,
  author = {Floris Bosveld and Isabelle Bonnet and Boris Guirao and Sham Tlili
	and Zhimin Wang and Ambre Petitalot and Rapha{\"e}l Marchand and
	Pierre-Luc Bardet and Philippe Marcq and Fran{\c c}ois Graner and
	Yohanns Bella{\"\i}che},
  title = {Mechanical Control of Morphogenesis by Fat/Dachsous/Four-Jointed
	Planar Cell Polarity Pathway},
  journal = {Science},
  year = {2012},
  volume = {336},
  pages = {724--727},
  owner = {necrolyte},
  timestamp = {2014.01.21}
}

@INPROCEEDINGS{bouvier_and_oates_2008,
  author = {Bouvier, Dennis J. and Oates, Britian},
  title = {Evacuation Traces Mini Challenge award: Innovative trace visualization
	staining for information discovery},
  booktitle = {Proceedings of the IEEE Symposium on Visual Analytics Science and
	Technology},
  year = {2008},
  owner = {necrolyte},
  timestamp = {2014.06.28}
}

@ARTICLE{boyandin_et_al_2011,
  author = {Ilya Boyandin and Enrico Bertini and Bak, Peter and Denis Lalanne},
  title = {Flowstrates: An Approach for Visual Exploration of Temporal Origin-Destination
	Data},
  journal = {Computer Graphics Forum},
  year = {2011},
  volume = {30},
  pages = {971--980},
  number = {3},
  owner = {necrolyte},
  timestamp = {2014.06.26}
}

@ARTICLE{boykov_et_al_2001,
  author = {Boykov, Yuri and Veksler, Olga and Zabih, Ramin},
  title = {Fast Approximate Energy Minimization via Graph Cuts},
  journal = {IEEE Transactions on Pattern Analysis and Machine Intelligence},
  year = {2001},
  volume = {23},
  pages = {1222--1239},
  owner = {necrolyte},
  timestamp = {2014.01.20}
}

@ARTICLE{boyle_et_al_2006,
  author = {Thomas J Boyle and Zhirong Bao and John I Murray and Carlos L Araya
	and Robert H Waterston},
  title = {AceTree: a tool for visual analysis of Caenorhabditis elegans embryogenesis},
  journal = {BioMed Central Bioinformatics},
  year = {2006},
  volume = {7},
  pages = {275--289},
  number = {275}
}

@INPROCEEDINGS{bozkaya_et_al_1997,
  author = {Tolga Bozkaya and Nasser Yazdani Meral and Ozsoyo Glu},
  title = {Matching and Indexing Sequences of Different Lengths},
  booktitle = {Proceedings of the Conference on Information Knowledge Management},
  year = {1997},
  owner = {jfangera},
  timestamp = {2014.06.13}
}

@INPROCEEDINGS{bremm_et_al_2011,
  author = {S. Bremm and T. von Landesberger and G. L. Andrienko and N. V. Andrienko
	and T. Schreck},
  title = {Interactive Analysis of Object Group Changes over Time},
  booktitle = {International Workshop on Visual Analytics},
  year = {2011},
  owner = {necrolyte},
  timestamp = {2014.06.26}
}

@INPROCEEDINGS{bremm_et_al_2011a,
  author = {Sebastian Bremm and Tatiana von Landesberger and J\"{u}rgen Bernard
	and Tobias Schreck},
  title = {Assisted descriptor selection based on visual comparative data analysis},
  booktitle = {Proceedings of the 13th Eurographics / IEEE - VGTC conference on
	Visualization},
  year = {2011},
  pages = {891--900},
  publisher = {Eurographics Association},
  owner = {necrolyte},
  timestamp = {2013.03.22}
}

@INPROCEEDINGS{bremm_et_al_2011b,
  author = {S. Bremm and von T. Landesberger and M. Hess and T. Schreck and P.
	Weil and K. Hamacherk},
  title = {Interactive visual comparison of multiple trees},
  booktitle = {IEEE Conference on Visual Analytics Science and Technology},
  year = {2011},
  pages = {31--40},
  owner = {necrolyte},
  timestamp = {2013.03.22}
}

@ARTICLE{brillinger_et_al_2004,
  author = {Brillinger, David R. and Preisler, Haiganoush K. and Ager, Alan A.
	and Kie, John G.},
  title = {An exploratory data analysis (EDA) of the paths of moving animals},
  journal = {Journal of Statistical Planning and Inference},
  year = {2004},
  volume = {122},
  pages = {43--63},
  owner = {necrolyte},
  timestamp = {2014.06.26}
}

@INPROCEEDINGS{bruls_et_al_1999,
  author = {Mark Bruls and Kees Huizing and Jarke van Wijk},
  title = {Squarified Treemaps},
  booktitle = {Proceedings of the Joint Eurographics and IEEE TVCG Symposium on
	Visualization},
  year = {1999},
  pages = {33--42},
  owner = {necrolyte},
  timestamp = {2014.02.10}
}

@ARTICLE{bruno_sakmann,
  author = {Randy M. Bruno and Bert Sakmann},
  title = {Cortex {I}s {D}riven by {W}eak but {S}ynchronously {A}ctive {T}halamocortical
	{S}ynapses},
  journal = {Science},
  year = {2006},
  volume = {312},
  pages = {1622-1627},
  number = {5780}
}

@INPROCEEDINGS{buchin_et_al_2009,
  author = {Buchin, Kevin and Buchin, Maike and van Kreveld, Marc and Luo, Jun},
  title = {Finding Long and Similar Parts of Trajectories},
  booktitle = {Proceedings of the ACM International Conference on Advances in Geographic
	Information Systems},
  year = {2009},
  pages = {296--305},
  owner = {necrolyte},
  timestamp = {2014.06.18}
}

@INPROCEEDINGS{buja_et_al_1991,
  author = {Buja, Andreas and McDonald, John Alan and Michalak, J. and Stuetzle,
	Werner},
  title = {Interactive Data Visualization Using Focusing and Linking},
  booktitle = {IEEE Visualization},
  year = {1991},
  pages = {156--163},
  owner = {necrolyte},
  timestamp = {2014.06.11}
}

@ARTICLE{Bunke_1997,
  author = {H. Bunke},
  title = {On a relation between graph edit distance and maximum common subgraph},
  journal = {Pattern Recognition Letters},
  year = {1997},
  volume = {18},
  pages = {689--694},
  owner = {necrolyte},
  timestamp = {2013.03.23}
}

@BOOK{burrus_et_al_1997,
  title = {Introduction to Wavelets and Wavelet Transforms: A Primer},
  publisher = {Prentice Hall},
  year = {1997},
  author = {Burrus, C. Sidney and Gopinath, Ramesh A. and Guo, Haitao},
  owner = {necrolyte},
  timestamp = {2014.06.18}
}

@INPROCEEDINGS{Buss97,
  author = {Samuel Buss},
  title = {Alogtime Algorithms for Tree Isomorphism, Comparison, and Canonization},
  booktitle = {Computational Logic and Proof Theory},
  year = {1997},
  pages = {18--33},
  publisher = {Springer},
  owner = {necrolyte},
  timestamp = {2014.02.14}
}

@ARTICLE{butler_and_grout_2011,
  author = {Butler, Steve and Grout, Jason},
  title = {A Construction of Cospectral Graphs for the Normalized Laplacian},
  journal = {The Electronic Journal of Combinatorics},
  year = {2011},
  volume = {18},
  pages = {231--251},
  number = {1},
  owner = {necrolyte},
  timestamp = {2014.08.06}
}

@INPROCEEDINGS{cai_ng_2004,
  author = {Yuhan Cai and Raymond Ng},
  title = {Indexing Spatio-Temporal Trajectories with {C}hebyshev Polynomials},
  booktitle = {Proceedings of SIGMOD Conference On Management of Data},
  year = {2004},
  pages = {599--610},
  publisher = {ACM},
  date-added = {2011-11-03 10:35:30 +0100},
  date-modified = {2011-12-06 22:55:23 +0100}
}

@MISC{fiji_Correct3DPlugin_2010,
  author = {Albert Cardona and Robert Bryson-Richardson},
  title = {Fiji Plugin: Correct {3D} Drift},
  howpublished = {Developmental Imaging EMBO course},
  year = {2010},
  owner = {necrolyte},
  timestamp = {2014.01.16}
}

@ARTICLE{casimiro_et_al_2003,
  author = {Ilda Casimiro and Tom Beeckman and Neil Graham and Rishikesh Bhalerao
	and Hanma Zhang and Pedro Casero and Goran Sandberg and Malcolm J.
	Bennett},
  title = {Dissecting Arabidopsis lateral root development},
  journal = {Trends in Plant Science},
  year = {2003},
  volume = {8},
  pages = {165--171},
  owner = {necrolyte},
  timestamp = {2014.10.07}
}

@INPROCEEDINGS{cedilnik_et_al_2007,
  author = {Cedilnik, A. and Baumes, J. and Ibanez, L. and Megason, S. and Wylie,
	B.},
  title = {Integration of information and volume visualization for analysis
	of cell lineage and gene expression during embryogenesis},
  booktitle = {Proceedings of SPIE -- The International Society for Optical Engineering},
  year = {2007},
  volume = {6809}
}

@INPROCEEDINGS{chan_and_fu_1999,
  author = {Kin-Pong Chan and Ada Wai-chee Fu},
  title = {Efficient Time Series Matching by Wavelets},
  booktitle = {Proceedings of the IEEE International Conference on Data Engineering},
  year = {1999},
  pages = {126--133},
  owner = {jfangera},
  timestamp = {2014.06.12}
}

@INCOLLECTION{cheeseman_and_stutz_1996,
  author = {Cheeseman, Peter and Stutz, John},
  title = {Bayesian Classification (AutoClass): Theory and Results},
  booktitle = {Advances in Knowledge Discovery and Data Mining},
  publisher = {American Association for Artificial Intelligence},
  year = {1996},
  pages = {153--180},
  owner = {necrolyte},
  timestamp = {2014.07.16}
}

@INPROCEEDINGS{chen_et_al_2004,
  author = {Chen, Lei and \"{O}zsu, M. Tamer and Oria, Vincent},
  title = {Symbolic Representation and Retrieval of Moving Object Trajectories},
  booktitle = {Proceedings of the International Workshop on Multimedia Information
	Retrieval},
  year = {2004},
  pages = {227--234},
  owner = {necrolyte},
  timestamp = {2014.06.18}
}

@INPROCEEDINGS{chen_et_al_2005,
  author = {Lei Chen and M. Tamer {\"O}zsu and Vicent Oria},
  title = {Robust and Fast Similarity Search for Moving Object Trajectories},
  booktitle = {Proceedings of SIGMOD Conference On Management of Data},
  year = {2005},
  pages = {491--502},
  date-added = {2011-11-03 10:56:22 +0100},
  date-modified = {2011-12-06 23:21:38 +0100}
}

@INPROCEEDINGS{chen_and_ng_2004,
  author = {Lei Chen and Raymond Ng},
  title = {On the marriage of Lp-norms and edit distance},
  booktitle = {Proceedings of Conference on Very Large Data Bases},
  year = {2004},
  pages = {792--803},
  owner = {jfangera},
  timestamp = {2014.06.13}
}

@INCOLLECTION{chisholm_2001,
  author = {A.D. Chisholm},
  title = {Cell Lineage},
  booktitle = {Encyclopedia of Genetics},
  publisher = {Academic Press},
  year = {2001},
  pages = {302--310},
  owner = {necrolyte},
  timestamp = {2014.07.18}
}

@INPROCEEDINGS{chudova_et_al_2003,
  author = {Chudova, Darya and Gaffney, Scott and Mjolsness, Eric and Smyth,
	Padhraic},
  title = {Translation-invariant mixture models for curve clustering},
  booktitle = {Knowledge Discovery from Data},
  year = {2003},
  pages = {79--88},
  owner = {necrolyte},
  timestamp = {2014.07.17}
}

@INPROCEEDINGS{crnovrsanin_et_al_2009,
  author = {Crnovrsanin, Tarik and Muelder, Chris and Correa, Carlos D. and Ma,
	Kwan-Liu},
  title = {Proximity-based visualization of movement trace data},
  booktitle = {Proceedings of the IEEE Symposium on Visual Analytics Science and
	Technology},
  year = {2009},
  pages = {11--18},
  owner = {necrolyte},
  timestamp = {2014.06.28}
}

@ARTICLE{cvetkovic_2012,
  author = {Drago\v{s} Cvetkovi\'c},
  title = {Spectral Recognition of Graphs},
  journal = {Yugoslav Journal of Operations Research},
  year = {2012},
  volume = {22},
  pages = {145--161},
  number = {2},
  owner = {necrolyte},
  timestamp = {2014.08.06}
}

@INPROCEEDINGS{das_et_al_1998,
  author = {Das, Gautam and Lin, King-Ip and Mannila, Heikki and Renganathan,
	Gopal and Smyth, Padhraic},
  title = {Rule Discovery from Time Series},
  booktitle = {Knowledge Discovery and Data Mining},
  year = {1998},
  pages = {16--22},
  owner = {jfangera},
  timestamp = {2014.06.12}
}

@ARTICLE{delaunay_1934,
  author = {Delaunay, Boris N.},
  title = {Sur la sph\`{e}re vide},
  journal = {Bulletin of Academy of Sciences of the USSR},
  year = {1934},
  volume = {6},
  pages = {793--800},
  owner = {necrolyte},
  timestamp = {2014.03.07}
}

@ARTICLE{demsar_and_virrantaus_2010,
  author = {Dem\v{s}ar, Ur\v{s}ka and Virrantaus, Kirsi},
  title = {Space-time density of trajectories: exploring spatio-temporal patterns
	in movement data},
  journal = {International Journal of Geographical Information Science},
  year = {2010},
  volume = {24},
  pages = {1527--1542},
  owner = {necrolyte},
  timestamp = {2014.06.26}
}

@ARTICLE{DeRybel:2010ic,
  author = {De Rybel, Bert and Vassileva, Valya and Parizot, Boris and Demeulenaere,
	Marlies and Grunewald, Wim and Audenaert, Dominique and Van Campenhout,
	Jelle and Overvoorde, Paul and Jansen, Leentje and Vanneste, Steffen
	and M{\"o}ller, Barbara and Wilson, Michael and Holman, Tara and
	Van Isterdael, Gert and Brunoud, G{\'e}raldine and Vuylsteke, Marnik
	and Vernoux, Teva and De Veylder, Lieven and Inz{\'e}, Dirk and Weijers,
	Dolf and Bennett, Malcolm J and Beeckman, Tom},
  title = {{A novel aux/IAA28 signaling cascade activates GATA23-dependent specification
	of lateral root founder cell identity.}},
  journal = {Curr Biol},
  year = {2010},
  volume = {20},
  pages = {1697--1706},
  number = {19},
  doi = {10.1016/j.cub.2010.09.007}
}

@INPROCEEDINGS{ding_et_al_2008,
  author = {Ding, Hui and Trajcevski, Goce and Scheuermann, Peter},
  title = {Efficient Similarity Join of Large Sets of Moving Object Trajectories},
  booktitle = {Proceedings on Temporal Representation and Reasoning},
  year = {2008},
  pages = {79--87},
  owner = {jfangera},
  timestamp = {2014.06.13}
}

@ARTICLE{ding_trajcevski_scheuermann,
  author = {Hui Ding and Goce Trajcevski and Peter Scheuermann},
  title = {Efficient Maintenance of Continuous Queries for Trajectories},
  journal = {Geoinformatics},
  year = {2008},
  volume = {12},
  pages = {255--288},
  number = {3},
  month = {September},
  date-added = {2011-11-03 13:03:28 +0100},
  date-modified = {2011-11-03 13:05:15 +0100}
}

@ARTICLE{ding_et_al_2008a,
  author = {Ding, Hui and Trajcevski, Goce and Scheuermann, Peter and Wang, Xiaoyue
	and Keogh, Eamonn},
  title = {Querying and mining of time series data: experimental comparison
	of representations and distance measures},
  journal = {Proceedings of the Very Large Databases Endowment},
  year = {2008},
  volume = {1},
  pages = {1542--1552},
  number = {2},
  month = {August},
  date-added = {2012-04-22 15:25:23 +0200},
  date-modified = {2012-04-22 15:27:22 +0200}
}

@PHDTHESIS{dodge_thesis_2011,
  author = {Somayeh Dodge},
  title = {Exploring Movement Using Similarity Analysis},
  school = {University of {Z}urich},
  year = {2011},
  owner = {jfangera},
  timestamp = {2012.03.14}
}

@ARTICLE{dodge_et_al_2009,
  author = {Somayeh Dodge and Robert Weibel and Ehsan Forootan},
  title = {Revealing the Physics of Movement: Comparing the Similarity of Movement
	Characteristics of Different Types of Moving Objects},
  journal = {Computers, Environment and Urban Systems},
  year = {2009},
  volume = {33},
  pages = {419--434},
  number = {6},
  month = {November},
  date-added = {2011-11-03 10:27:58 +0100},
  date-modified = {2014-06-20 08:50:42 +0000}
}

@INPROCEEDINGS{dodge_et_al_2009a,
  author = {Somayeh Dodge and Robert Weibel and Patrick Laube},
  title = {Exploring movement-similarity analysis of moving objects},
  booktitle = {Proceedings of International Conference on Advances in Geographic
	Information Systems},
  year = {2009},
  volume = {1},
  pages = {11--16},
  date-modified = {2014-06-20 08:51:05 +0000},
  owner = {jfangera},
  timestamp = {2012.03.14}
}

@ARTICLE{dodge_et_al_2008,
  author = {Dodge, Somayeh and Weibel, Robert and Lautensch\"utz, Anna-Katharina},
  title = {Towards a Taxonomy of Movement Patterns},
  journal = {Information Visualization},
  year = {2008},
  volume = {7},
  pages = {240--252},
  date-added = {2014-06-20 08:41:20 +0000},
  date-modified = {2014-06-20 08:50:08 +0000}
}

@ARTICLE{dollet_graner_2007,
  author = {B. Dollet and F. Graner},
  title = {Two-dimensional flow of foam around a circular obstacle: local measurements
	of elasticity, plasticity and flow},
  journal = {Journal of Fluid Mechanics},
  year = {2007},
  volume = {585},
  pages = {181--211},
  owner = {necrolyte},
  timestamp = {2014.01.23}
}

@ARTICLE{dubrovsky_et_al_2001,
  author = {Joseph G. Dubrovsky and Ad\'{a}n Col\'{o}n-Carmona and Thomas L.
	Rost and Peter Doerner},
  title = {Early primordium morphogenesis during lateral root initiation in
	{A}rabidopsis thaliana},
  journal = {Planta},
  year = {2001},
  volume = {214},
  pages = {30--36},
  owner = {necrolyte},
  timestamp = {2014.10.07}
}

@ARTICLE{Dufour_Shinin_Tajbakhsh_Guillen-Aghion_Olivo-Marin_Zimmer_2005,
  author = {Alexandre Dufour and Vasily Shinin and Shahragim Tajbakhsh and Nancy
	Guill{\'e}n-Aghion and Jean-Christophe Olivio-Marin and Christophe
	Zimmer},
  title = {Segmenting and Tracking Fluorescent Cells in Dynamic 3-D Microscopy
	With Coupled Active Surfaces},
  journal = {IEEE Transactions on Image Processing},
  year = {2005},
  volume = {12},
  pages = {1396--1410},
  owner = {jfangera},
  timestamp = {2012.03.14}
}

@ARTICLE{edelsbrunner_et_al_1983,
  author = {Edelsbrunner, H. and Kirkpatrick, D. and Seidel, R.},
  title = {On the shape of a set of points in the plane},
  journal = {IEEE Transactions on Information Theory},
  year = {1983},
  volume = {29},
  pages = {551--559},
  owner = {necrolyte},
  timestamp = {2014.03.07}
}

@ARTICLE{Edelsbrunner_and_muecke_1994,
  author = {Edelsbrunner, Herbert and M\"{u}cke, Ernst P.},
  title = {Three-dimensional Alpha Shapes},
  journal = {ACM Transactions on Graphics},
  year = {1994},
  volume = {13},
  pages = {43--72},
  owner = {necrolyte},
  timestamp = {2014.03.07}
}

@ARTICLE{edmonds_1960,
  author = {J. Edmonds},
  title = {A combinatorial representation for polyhedral surfaces},
  journal = {Notices of the American Mathematical Society},
  year = {1960},
  owner = {jens},
  timestamp = {2015.04.06}
}

@TECHREPORT{eiter_mannila_1994,
  author = {Thomas Eiter and Heikki Mannila},
  title = {Computing discrete {F}r{\'e}chet distance},
  institution = {Technische Universit{\"a}t Wien},
  year = {1994},
  number = {CD-TR 94/64},
  date-added = {2012-04-20 16:58:40 +0200},
  date-modified = {2012-04-20 16:59:56 +0200}
}

@ARTICLE{elzen_wijk_2013,
  author = {van den Elzen, Stef and van Wijk, Jarke J.},
  title = {Small Multiples, Large Singles: A New Approach for Visual Data Exploration},
  journal = {Computer Graphics Forum},
  year = {2013},
  owner = {jens},
  timestamp = {2014.08.23}
}

@INPROCEEDINGS{eriksson_et_al_2011,
  author = {Eriksson, Brian and Dasarathy, Gautam and Singh, Aarti and Nowak,
	Robert D.},
  title = {Active Clustering: {R}obust and Efficient Hierarchical Clustering
	using Adaptively Selected Similarities},
  booktitle = {Proceedings of the International Conference on Artificial Intelligence
	and Statistics},
  year = {2011},
  volume = {15},
  pages = {260--268},
  owner = {necrolyte},
  timestamp = {2014.10.02}
}

@ARTICLE{errera_1886,
  author = {L. Errera},
  title = {On a fundamental condition of equilibrium for living cells},
  journal = {C R Hebd Seances Acad Sci},
  year = {1886},
  volume = {103},
  pages = {822--824},
  owner = {necrolyte},
  timestamp = {2015.05.07}
}

@INPROCEEDINGS{ester_et_al_1996,
  author = {Ester, Martin and Kriegel, Hans-Peter and Sander, J\"org and Xu,
	Xiaowei},
  title = {A Density-Based Algorithm for Discovering Clusters in Large Spatial
	Databases with Noise},
  booktitle = {Proceedings of the 2nd International Conference on Knowledge Discovery
	and Data Mining},
  year = {1996},
  pages = {226--231},
  owner = {necrolyte},
  timestamp = {2014.07.16}
}

@BOOK{everitt_et_al_2011,
  title = {Cluster Analysis},
  publisher = {Wiley},
  year = {2011},
  author = {Everitt, Brian S. and Landau, Sabine and Leese, Morven and Stahl,
	Daniel},
  edition = {5th},
  date-added = {2011-11-30 17:11:56 +0100},
  date-modified = {2014-06-20 09:03:04 +0000}
}

@INPROCEEDINGS{faloutsos_lin_1995,
  author = {Faloutsos, Christos and Lin, King-Ip},
  title = {FastMap: A Fast Algorithm for Indexing, Data-Mining and Visualization
	of Traditional and Multimedia Datasets},
  booktitle = {Proceedings of SIGMOD Conference On Management of Data},
  year = {1995},
  owner = {jfangera},
  timestamp = {2014.06.13}
}

@INPROCEEDINGS{faloutsos_et_al_1994,
  author = {Faloutsos, Christos and Ranganathan, M. and Manolopoulos, Yannis},
  title = {Fast subsequence matching in time-series databases},
  booktitle = {Proceedings of SIGMOD Conference On Management of Data},
  year = {1994},
  pages = {419--429},
  publisher = {ACM},
  owner = {jfangera},
  timestamp = {2014.06.12}
}

@PHDTHESIS{FangerauDiss_2015,
  author = {Jens Fangerau},
  title = {Interactive Similarity Analysis for 3D+t Cell Trajectory Data},
  school = {Heidelberg University},
  year = {2015},
  address = {\href{http://archiv.ub.uni-heidelberg.de/volltextserver/18095/}{\textcolor{blue}{[LINK]}}},
  owner = {necrolyte},
  timestamp = {2015.02.02}
}

@MASTERSTHESIS{fangerau_2009,
  author = {Jens Fangerau},
  title = {Volume Rendering auf Graphikkarten und Parallele Implementierung
	unter CUDA},
  school = {Heidelberg University},
  year = {2009},
  type = {diploma thesis},
  month = {January}
}

@ARTICLE{Fangerau_et_al_2014,
  author = {Jens Fangerau and Burkhard H\"ockendorf and Bastian Rieck and Christian
	Heine and Joachim Wittbrodt and Heike Leitte},
  title = {Interactive Similarity Analysis and Error Detection in Large Tree
	Collections},
  journal = {3rd International Workshop on Visualization in Medicine and Life
	Sciences},
  year = {2015},
  note = {To be published},
  owner = {necrolyte},
  timestamp = {2014.02.19}
}

@MISC{Fangerau_et_al_video_2014,
  author = {Jens Fangerau and Burkhard H\"ockendorf and Bastian Rieck and Christian
	Heine and Joachim Wittbrodt and Heike Leitte},
  title = {Supplemental Video},
  howpublished = {\url{https://vimeo.com/86031849}},
  year = {2014},
  note = {Accessed 06 Feb 2014},
  owner = {necrolyte},
  timestamp = {2014.02.04}
}

@INPROCEEDINGS{Fangerau_et_al_2012,
  author = {Jens Fangerau and Burkhard H\"ockendorf and Joachim Wittbrodt and
	Heike Leitte},
  title = {Similarity analysis of cell movements in video microscopy},
  booktitle = {Proceedings of the 2nd IEEE Symposium on Biological Data Visualization},
  year = {2012},
  pages = {69--76},
  owner = {jfangera},
  timestamp = {2013.03.26}
}

@INPROCEEDINGS{Fangerau2010,
  author = {Jens Fangerau and Susanne Kr{\"o}mker},
  title = {Parallel Volume Rendering Implementation on Graphics Cards using
	CUDA},
  booktitle = {Facing the Multicore-Challenge},
  year = {2010},
  volume = {6310},
  pages = {143-153},
  publisher = {Springer LNCS series}
}

@INPROCEEDINGS{costa_and_schubert_2003,
  author = {Luciano da Fontoura Costa and David Schubert},
  title = {A Framework for Cell Movement Image Analysis},
  booktitle = {Proceedings of the 12th International Conference on Image Analysis
	and Processing},
  year = {2003},
  pages = {271--276},
  publisher = {IEEE Computer Society},
  owner = {jfangera},
  timestamp = {2012.03.15}
}

@ARTICLE{forgy_1965,
  author = {Forgy, E.},
  title = {Cluster analysis of multivariate data: {E}fficiency versus interpretability
	of classifications},
  journal = {Biometrics},
  year = {1965},
  volume = {21},
  pages = {768--780},
  owner = {necrolyte},
  timestamp = {2014.07.16}
}

@ARTICLE{fowlkes_and_mallows_1983,
  author = {E. B. Fowlkes and C. L. Mallows},
  title = {A Method for Comparing Two Hierarchical Clusterings},
  journal = {Journal of the {A}merican {S}tatistical {A}ssociation},
  year = {1983},
  volume = {78},
  pages = {553--569},
  owner = {necrolyte},
  timestamp = {2014.09.11}
}

@ARTICLE{Frechet_1957,
  author = {Fr{\'e}chet, Maurice},
  title = {Sur la distance de deux lois de probabilit\'e},
  journal = {Comptes Rendus de l'Académie des Sciences -- Series I -- Mathematics},
  year = {1957},
  volume = {244},
  pages = {689--692},
  owner = {necrolyte},
  timestamp = {2013.11.11}
}

@INPROCEEDINGS{frentzos_et_al_2007,
  author = {Elias Frentzos and Kostas Gratsias and Yannis Theodoridis},
  title = {Index-based Most Similar Trajectory Search},
  booktitle = {Proceedings of the International Conference on Data Engineering},
  year = {2007},
  pages = {816--825},
  publisher = {IEEE},
  date-added = {2011-11-03 15:56:58 +0100},
  date-modified = {2014-06-19 19:24:27 +0000}
}

@ARTICLE{furlong_2010,
  author = {Furlong, Eileen E.},
  title = {The importance of being specified: {C}ell fate decisions and their
	role in cell biology},
  journal = {Molecular Biology of the Cell},
  year = {2010},
  volume = {21},
  pages = {3797--3798},
  number = {22},
  owner = {necrolyte},
  timestamp = {2014.07.18}
}

@INPROCEEDINGS{gaffney_and_smyth_1999,
  author = {Gaffney, Scott and Smyth, Padhraic},
  title = {Trajectory Clustering with Mixtures of Regression Models},
  booktitle = {Proceedings of the ACM SIGKDD Conference on Knowledge Discovery and
	Data Mining},
  year = {1999},
  pages = {63--72},
  owner = {necrolyte},
  timestamp = {2014.07.16}
}

@TECHREPORT{gaffney_et_al_2006,
  author = {Scott J. Gaffney and Andrew W. Robertson and Padhraic Smyth and Suzana
	J. Camargo and Michael Ghil},
  title = {Probabilistic Clustering of Extratropical Cyclones Using Regression
	Mixture Models},
  institution = {University of California},
  year = {2006},
  number = {UCI-ICS 06-02},
  owner = {necrolyte},
  timestamp = {2014.07.16}
}

@ARTICLE{Geldner:2009bc,
  author = {Geldner, Niko and D{\'e}nervaud-Tendon, Val{\'e}rie and Hyman, Derek
	L and Mayer, Ulrike and Stierhof, York-Dieter and Chory, Joanne},
  title = {{Rapid, combinatorial analysis of membrane compartments in intact
	plants with a multicolor marker set.}},
  journal = {Plant J},
  year = {2009},
  volume = {59},
  pages = {169--178},
  number = {1},
  doi = {10.1111/j.1365-313X.2009.03851.x}
}

@INPROCEEDINGS{giannotti_et_al_2007,
  author = {Giannotti, Fosca and Nanni, Mirco and Pinelli, Fabio and Pedreschi,
	Dino},
  title = {Trajectory pattern mining},
  booktitle = {Proceedings of the 13th SIGKDD International Conference on Knowledge
	Discovery and Data Mining},
  year = {2007},
  pages = {330--339},
  owner = {necrolyte},
  timestamp = {2014.07.17}
}

@BOOK{Giannotti_and_Pedreschi_2008,
  title = {Mobility, Data Mining and Privacy - Geographic Knowledge Discovery},
  publisher = {Springer},
  year = {2008},
  author = {Giannotti, Fosca and Pedreschi, Dino},
  owner = {necrolyte},
  timestamp = {2014.06.11}
}

@ARTICLE{goodrich_et_al_1999,
  author = {Michael T. Goodrich and Joseph S. B. Mitchell and Mark W. Orletsky},
  title = {Approximate Geometric Pattern Matching Under Rigid Motions},
  journal = {IEEE Transactions on Pattern Analysis and Machine Intelligence},
  year = {1999},
  volume = {21},
  pages = {371--379},
  number = {4},
  month = {April},
  date-added = {2011-11-03 17:54:53 +0100},
  date-modified = {2012-04-22 16:22:46 +0200}
}

@ARTICLE{gower_1967,
  author = {J. C. Gower},
  title = {A comparison of some methods of cluster analysis},
  journal = {Biometrics},
  year = {1967},
  volume = {23},
  pages = {623--637},
  owner = {necrolyte},
  timestamp = {2014.07.16}
}

@ARTICLE{graham_and_kennedy_2010,
  author = {Martin Graham and Jessie Kennedy},
  title = {A survey of multiple tree visualisation},
  journal = {Information Visualization},
  year = {2010},
  volume = {9},
  pages = {235--252},
  owner = {necrolyte},
  timestamp = {2013.03.25}
}

@ARTICLE{graner_et_al_2008,
  author = {Graner, F. and Dollet, B. and Raufaste, C. and Marmottant, P.},
  title = {Discrete rearranging disordered patterns, part {I}: Robust statistical
	tools in two or three dimensions},
  journal = {Eur Phys J},
  year = {2008},
  volume = {25},
  pages = {349--369},
  doi = {10.1140/epje/i2007-10298-8},
  owner = {necrolyte},
  timestamp = {2014.01.21}
}

@MISC{grape,
  author = {GRAPE},
  title = {Graphics {P}rogramming {E}nvironment},
  howpublished = {\url{http://www.mathematik.uni-freiburg.de/IAM/Research/grape/GENERAL/}},
  year = {1992}
}

@ARTICLE{amara_1995,
  author = {Graps, Amara},
  title = {An Introduction to Wavelets},
  journal = {IEEE Computational Science \& Engineering},
  year = {1995},
  volume = {2},
  pages = {50--61},
  owner = {necrolyte},
  timestamp = {2014.06.18}
}

@ARTICLE{Grefen:2010ho,
  author = {Grefen, Christopher and Donald, Naomi and Schumacher, Karin and Blatt,
	Michael R},
  title = {{A Ubiquitin-10 promoter-based vector set for fluorescent protein
	tagging facilitates temporal stability and native protein distribution
	in transient and stable expression studies.}},
  journal = {Plant J},
  year = {2010},
  volume = {64},
  pages = {355--365},
  number = {2},
  doi = {10.1111/j.1365-313X.2010.04322.x}
}

@MISC{HDF5,
  author = {The HDF Group},
  title = {Hierarchical data format version 5},
  howpublished = {\url{http://www.hdfgroup.org/HDF5}},
  year = {1997--2014},
  owner = {jfangera},
  timestamp = {2012.04.26}
}

@INPROCEEDINGS{guha_et_al_2000,
  author = {Sudipto Guha and Rajeev Rastogi and Kyuseok Shim},
  title = {{ROCK}: A Robust Clustering Algorithm for Categorical Attributes},
  booktitle = {Proceedings of the 15th International Conference on Data Engineering},
  year = {2000},
  pages = {512--521},
  date-added = {2014-04-16 12:20:09 +0200},
  date-modified = {2014-04-16 12:21:09 +0200}
}

@INPROCEEDINGS{guha_et_al_1998,
  author = {Guha, Sudipto and Rastogi, Rajeev and Shim, Kyuseok},
  title = {{CURE}: An Efficient Clustering Algorithm for Large Databases},
  booktitle = {Proceedings of the ACM SIGMOD International Conference on Management
	of Data},
  year = {1998},
  pages = {73--84},
  publisher = {American Mathematical Society},
  date-added = {2014-04-16 12:01:20 +0200},
  date-modified = {2014-04-16 12:03:03 +0200}
}

@ARTICLE{guo_et_al_2006,
  author = {Guo, Diansheng and Chen, Jin and MacEachren, Alan M. and Liao, Ke},
  title = {A Visualization System for Space-Time and Multivariate Patterns ({VIS-STAMP})},
  journal = {IEEE Transactions on Visualization and Computer Graphics},
  year = {2006},
  volume = {12},
  pages = {1461--1474},
  owner = {necrolyte},
  timestamp = {2014.06.26}
}

@INPROCEEDINGS{guo_et_al_2011,
  author = {Hanqi Guo and Zuchao Wang and Bowen Yu and Huijing Zhao and Xiaoru
	Yuan},
  title = {Trip{V}ista: Triple Perspective Visual Trajectory Analytics and its
	application on microscopic traffic data at a road intersection},
  booktitle = {Proceedings of the IEEE Pacific Visualization Symposium},
  year = {2011},
  owner = {necrolyte},
  timestamp = {2014.06.25}
}

@ARTICLE{hockendorf_et_al_2012,
  author = {Burkhard H\"ockendorf and Thomas Thumberger and Joachim Wittbrodt},
  title = {Quantitative Analysis of Embryogenesis: A Perspective for Light Sheet
	Microscopy},
  journal = {Developmental Cell},
  year = {2012},
  volume = {23},
  pages = {1111--1120},
  owner = {necrolyte},
  timestamp = {2014.07.18}
}

@BOOK{hoppner_et_al_1999,
  title = {Fuzzy Cluster Analysis: Methods for Classification, Data Analysis
	and Image Recognition},
  publisher = {Wiley~\&~Sons},
  year = {1999},
  author = {H\"oppner, Frank and Klawonn, Frank and Kruse, Rudolf and Runkler,
	Thomas},
  owner = {necrolyte},
  timestamp = {2014.07.16}
}

@ARTICLE{haemers_1995,
  author = {Willem H. Haemers},
  title = {Interlacing eigenvalues and graphs},
  journal = {Linear Algebra and its Applications},
  year = {1995},
  volume = {226--228},
  pages = {593--616},
  number = {0},
  owner = {necrolyte},
  timestamp = {2014.08.06}
}

@ARTICLE{ham_wijk_2003,
  author = {Frank van Ham and Jarke J. van Wijk},
  title = {Beamtrees: compact visualization of large hierarchies},
  journal = {Information Visualization},
  year = {2003},
  volume = {2},
  pages = {31--39},
  owner = {necrolyte},
  timestamp = {2013.03.22}
}

@ARTICLE{haralick_1979,
  author = {Haralick, R. M.},
  title = {Statistical and structural approaches to texture},
  journal = {Proceedings of the IEEE},
  year = {1979},
  volume = {67},
  pages = {786--804},
  number = {5},
  abstract = {{In this survey we review the image processing literature on the various
	approaches and models investigators have used for texture. These
	include statistical approaches of autocorrelation function, optical
	transforms, digital transforms, textural edgeness, structural element,
	gray tone cooccurrence, run lengths, and autoregressive models. We
	discuss and generalize some structural approaches to texture based
	on more complex primitives than gray tone. We conclude with some
	structural-statistical generalizations which apply the statistical
	techniques to the structural primitives.}},
  bdsk-url-1 = {http://dx.doi.org/10.1109/proc.1979.11328},
  booktitle = {Proceedings of the IEEE},
  citeulike-article-id = {1690983},
  citeulike-linkout-0 = {http://dx.doi.org/10.1109/proc.1979.11328},
  citeulike-linkout-1 = {http://ieeexplore.ieee.org/xpls/abs\_all.jsp?arnumber=1455597},
  doi = {10.1109/proc.1979.11328},
  issn = {0018-9219},
  keywords = {statistical, texture, thesis, vision},
  owner = {necrolyte},
  posted-at = {2007-09-25 01:07:15},
  priority = {2},
  publisher = {IEEE},
  timestamp = {2013.09.11},
  url = {http://dx.doi.org/10.1109/proc.1979.11328}
}

@BOOK{hausdorff_1957,
  title = {Set Theory},
  publisher = {American Mathematical Society},
  year = {1957},
  author = {Hausdorff, Felix},
  series = {AMS Chelsea Publishing Series},
  owner = {necrolyte},
  timestamp = {2013.11.11}
}

@ARTICLE{herman_et_al_2000,
  author = {Ivan Herman and Guy Melan\c{c}on and M. Scott Marshall},
  title = {Graph Visualization and Navigation in Information Visualization:
	A Survey},
  journal = {IEEE Transactions on Visualization and Computer Graphics},
  year = {2000},
  volume = {6},
  pages = {24--43},
  owner = {necrolyte},
  timestamp = {2013.03.22}
}

@ARTICLE{Hillis_et_al_2005,
  author = {David M. Hillis and Tracy A. Heath and Katherine John},
  title = {Analysis and visualization of tree space},
  journal = {Systematic biology},
  year = {2005},
  volume = {54},
  pages = {471--482},
  owner = {necrolyte},
  timestamp = {2013.03.25}
}

@ARTICLE{hubert_and_arabie_1985,
  author = {Hubert, Lawrence and Arabie, Phipps},
  title = {Comparing partitions},
  journal = {Journal of Classification},
  year = {1985},
  volume = {2},
  pages = {193--218},
  owner = {necrolyte},
  timestamp = {2014.09.30}
}

@ARTICLE{huisken2009selective,
  author = {Huisken, Jan and Stainier, Didier YR},
  title = {Selective plane illumination microscopy techniques in developmental
	biology},
  journal = {Development},
  year = {2009},
  volume = {136},
  pages = {1963--1975},
  number = {12},
  owner = {necrolyte},
  timestamp = {2014.02.14}
}

@ARTICLE{Huisken2004,
  author = {Huisken, J. and Swoger, J. and {D. F} and Wittbrodt, J. and Stelzer,
	E.},
  title = {Optical sectioning deep inside live embryos by selective plane illumination
	microscopy},
  journal = {Science},
  year = {2004},
  volume = {305},
  pages = {1007--1009},
  number = {5686},
  date-added = {2011-12-09 19:28:53 +0100},
  date-modified = {2011-12-09 19:29:29 +0100},
  doi = {10.1126/science.1100035}
}

@ARTICLE{hurter_et_al_2009,
  author = {Hurter, Christophe and Tissoires, Benjamin and Conversy, Stéphane},
  title = {From{D}a{D}y: Spreading Aircraft Trajectories Across Views to Support
	Iterative Queries},
  journal = {IEEE Transactions on Visualization and Computer Graphics},
  year = {2009},
  volume = {15},
  pages = {1017--1024},
  owner = {necrolyte},
  timestamp = {2014.07.08}
}

@ARTICLE{inselberg_1985,
  author = {Inselberg, Alfred},
  title = {The plane with parallel coordinates},
  journal = {The Visual Computer},
  year = {1985},
  volume = {1},
  pages = {69--91},
  owner = {necrolyte},
  timestamp = {2014.08.22}
}

@MISC{juergensmann_and_schulz_2010,
  author = {S. J\"urgensmann and H.-J. Schulz},
  title = {Poster: A visual survey of tree visualizations},
  howpublished = {IEEE Information Visualization},
  year = {2010},
  booktitle = {IEEE Information Visualization},
  owner = {necrolyte},
  timestamp = {2014.07.21}
}

@BOOK{jain_and_dubes_1988,
  title = {Algorithms for clustering data},
  publisher = {Prentice-Hall},
  year = {1988},
  author = {Jain, Anil K. and Dubes, Richard C.},
  owner = {necrolyte},
  timestamp = {2014.09.09}
}

@ARTICLE{jenks_1989,
  author = {George F. Jenks},
  title = {Geographic Logic in Line Generalization},
  journal = {Cartographica: The International Journal for Geographic Information
	and Geovisualization},
  year = {1989},
  volume = {26},
  pages = {27--42},
  number = {1},
  date-added = {2012-04-21 22:20:15 +0200},
  date-modified = {2012-04-21 22:22:32 +0200}
}

@BOOK{Jolliffe02,
  title = {Principal Component Analysis},
  publisher = {Springer},
  year = {2002},
  author = {Jolliffe, I.T.},
  edition = {2nd},
  owner = {necrolyte},
  timestamp = {2014.02.14}
}

@ARTICLE{jones_et_al_2008,
  author = {Jones, Thouis R and Kang, In and Wheeler, Douglas B and Lindquist,
	Robert A and Papallo, Adam and Sabatini, David M and Golland, Polina
	and Carpenter, Anne E},
  title = {CellProfiler Analyst: data exploration and analysis software for
	complex image-based screens},
  journal = {BMC Bioinformatics},
  year = {2008},
  volume = {9},
  pages = {482--498},
  number = {1},
  date-added = {2011-12-06 17:19:03 +0100},
  date-modified = {2011-12-06 17:29:43 +0100}
}

@ARTICLE{kapler_and_wright_2005,
  author = {Kapler, Thomas and Wright, William},
  title = {Geo time information visualization},
  journal = {Information Visualization},
  year = {2005},
  volume = {4},
  pages = {136--146},
  owner = {necrolyte},
  timestamp = {2014.06.25}
}

@ARTICLE{karypis_et_al_1999,
  author = {Karypis, George and Han, Eui-Hong (Sam) and Kumar, Vipin},
  title = {Chameleon: Hierarchical Clustering Using Dynamic Modeling},
  journal = {IEEE Computer},
  year = {1999},
  volume = {32},
  pages = {68--75},
  number = {8},
  date-added = {2014-04-16 12:29:16 +0200},
  date-modified = {2014-04-16 12:30:26 +0200}
}

@ARTICLE{keefe_et_al_2009,
  author = {Daniel F. Keefe and Marcus Ewert and William Ribarsky and Remco Chang},
  title = {Interactive Coordinated Multiple-View Visualization of Biomechanical
	Motion Data},
  journal = {IEEE Transactions on Visualization and Computer Graphics},
  year = {2009},
  volume = {15},
  pages = {1383--1390},
  owner = {jfangera},
  timestamp = {2012.03.14}
}

@BOOK{keim_et_al_2010,
  title = {Mastering The Information Age - Solving Problems with Visual Analytics},
  publisher = {Eurographics},
  year = {2010},
  author = {Daniel A. Keim and Joern Kohlhammer and Geoffrey Ellis and Florian
	Mansmann},
  owner = {necrolyte},
  timestamp = {2014.06.04}
}

@INCOLLECTION{keim_et_al_2008,
  author = {Daniel A. Keim and Florian Mansmann and J{\"o}rn Schneidewind and
	Hartmut Ziegler and Jim Thomas},
  title = {Visual Analytics: Scope and Challenges},
  booktitle = {Visual Data Mining: Theory, Techniques and Tools for Visual Analytics},
  publisher = {Springer-Verlag},
  year = {2008},
  pages = {76--90},
  owner = {necrolyte},
  timestamp = {2014.06.04}
}

@ARTICLE{keller_et_at_2006,
  author = {Keller, P. and Pampaloni, F. and Stelzer, E.},
  title = {Life sciences require the third dimension},
  journal = {Current Opinion in Cell Biology},
  year = {2006},
  volume = {18},
  pages = {117--124},
  number = {1},
  month = {February},
  date-added = {2012-04-28 16:25:38 +0200},
  date-modified = {2012-04-28 16:26:43 +0200}
}

@ARTICLE{keller_2013,
  author = {Philipp J. Keller},
  title = {In vivo imaging of zebrafish embryogenesis},
  journal = {Methods},
  year = {2013},
  volume = {62},
  pages = {268--278},
  owner = {necrolyte},
  timestamp = {2014.01.15}
}

@ARTICLE{keller_et_al_2008,
  author = {Keller, Philipp J. and Schmidt, Annette D. and Wittbrodt, Joachim
	and Stelzer, Ernst H.K.},
  title = {Reconstruction of {Z}ebrafish Early Embryonic Development by Scanned
	Light Sheet Microscopy},
  journal = {Science},
  year = {2008},
  volume = {322},
  pages = {1065--1069},
  number = {5904},
  doi = {10.1126/science.1162493}
}

@ARTICLE{keller_and_stelzer_2008,
  author = {Keller, Philipp J. and Stelzer, Ernst H. K.},
  title = {Quantitative in vivo imaging of entire embryos with Digital Scanned
	Laser Light Sheet Fluorescence Microscopy},
  journal = {Current Opinion in Neurobiology},
  year = {2008},
  volume = {18},
  pages = {624--632},
  owner = {necrolyte},
  timestamp = {2013.12.14}
}

@ARTICLE{keogh_et_al_2001,
  author = {Keogh, Eamonn J. and Chakrabarti, Kaushik and Pazzani, Michael J.
	and Mehrotra, Sharad},
  title = {Dimensionality Reduction for Fast Similarity Search in Large Time
	Series Databases},
  journal = {Knowledge and Information Systems},
  year = {2001},
  pages = {263--286},
  owner = {jfangera},
  timestamp = {2014.06.12}
}

@ARTICLE{khairy_and_keller_2011,
  author = {Khairy, K. and Keller, Philipp J.},
  title = {Reconstructing Embryonic Development},
  journal = {Genesis},
  year = {2011},
  volume = {49},
  pages = {488--513},
  number = {7},
  month = {July},
  date-added = {2011-12-06 23:07:51 +0100},
  date-modified = {2011-12-06 23:09:02 +0100}
}

@ARTICLE{khan_et_al_2013,
  author = {Rahim Khan and Mushtaq Ahmad and Muhammad Zakarya},
  title = {Longest Common Subsequence Based Algorithm for Measuring Similarity
	Between Time Series: A New Approach},
  journal = {World Applied Sciences},
  year = {2013},
  volume = {24},
  pages = {1192--1198},
  number = {9},
  date-added = {2014-06-17 20:35:12 +0000},
  date-modified = {2014-06-17 20:37:03 +0000}
}

@ARTICLE{kimmel_et_al_1995,
  author = {Kimmel, Charles B. and Ballard, William W. and Kimmel, Seth R. and
	Ullmann, Bonnie and Schilling, Thomas F.},
  title = {Stages of Embryonic Development of the Zebrafish},
  journal = {Developmental dynamics},
  year = {1995},
  volume = {203},
  pages = {253--310},
  number = {3},
  date-added = {2011-10-06 16:34:09 +0200},
  date-modified = {2014-04-15 14:33:17 +0200}
}

@BOOK{kindermann_snell_1980,
  title = {Markov Random Fields and their Applications},
  publisher = {American {M}athematical {S}ociety},
  year = {1980},
  author = {Kindermann, Ross and Snell, J. L.},
  owner = {necrolyte},
  timestamp = {2014.01.20}
}

@INCOLLECTION{kisilevich_et_al_2010,
  author = {Slava Kisilevich and Florian Mansmann and Mirco Nanni and Salvatore
	Rinzivillo},
  title = {Spatio-temporal clustering},
  booktitle = {Data Mining and Knowledge Discovery Handbook},
  publisher = {Springer},
  year = {2010},
  pages = {855--874},
  owner = {jfangera},
  timestamp = {2014.07.11}
}

@BOOK{koch,
  title = {Biophysics of Computation: Information Processing in Single Neurons},
  publisher = {Oxford University Press, Inc.},
  year = {1999},
  author = {Christof Koch}
}

@ARTICLE{kohlhammer_et_al_2011,
  author = {J\"orn Kohlhammer and Daniel Keim and Margit Pohl and Giuseppe Santucci
	and Gennady L. Andrienko},
  title = {Solving Problems with Visual Analytics},
  journal = {Procedia Computer Science},
  year = {2011},
  volume = {7},
  pages = {117--120},
  owner = {necrolyte},
  timestamp = {2014.07.18}
}

@BOOK{Kohonen_2001,
  title = {Self-Organizing Maps},
  publisher = {Springer-Verlag},
  year = {2001},
  author = {T. Kohonen},
  date-modified = {2013-03-29 11:41:45 +0100},
  owner = {necrolyte},
  timestamp = {2013.03.22}
}

@INPROCEEDINGS{Korkontzelos_et_al_2009,
  author = {Ioannis Korkontzelos and Ioannis Klapaftis and Suresh Manandhar},
  title = {Graph connectivity measures for unsupervised parameter tuning of
	graph-based sense induction systems},
  booktitle = {Proceedings of the Workshop on Unsupervised and Minimally Supervised
	Learning of Lexical Semantics},
  year = {2009},
  pages = {36--44},
  owner = {necrolyte},
  timestamp = {2013.03.23}
}

@ARTICLE{kosara_et_al_2006,
  author = {Robert Kosara and Fabian Bendix and Helwig Hauser},
  title = {Parallel sets: Interactive exploration and visual analysis of categorical
	data},
  journal = {IEEE Transactions on Visualization and Computer Graphics},
  year = {2006},
  volume = {12},
  pages = {558--568},
  owner = {necrolyte},
  timestamp = {2014.06.26}
}

@ARTICLE{kotsiantis_and_pintelas_2004,
  author = {S.B. Kotsiantis and P.E. Pintelas},
  title = {Recent Advances in Clustering: A Brief Survey},
  journal = {Transactions on Information Science and Applications},
  year = {2004},
  volume = {1},
  pages = {73--81},
  date-added = {2011-11-29 12:05:03 +0100},
  date-modified = {2014-06-20 08:58:28 +0000}
}

@INBOOK{kruger_westermann,
  pages = {38},
  title = {Acceleration Techniques for GPU-based Volume Rendering},
  publisher = {IEEE Computer Society},
  year = {2003},
  author = {J. Kr\"uger and R. Westermann},
  address = {Proceedings of the 14th IEEE Visualization}
}

@INPROCEEDINGS{kraak_2003,
  author = {Kraak, M. J.},
  title = {The space-time cube revisited from a geovisualization perspective},
  booktitle = {Proceedings of the International Cartographic Conference},
  year = {2003},
  pages = {1988--1995},
  owner = {necrolyte},
  timestamp = {2014.06.25}
}

@INPROCEEDINGS{kreveld_and_luo_2007,
  author = {Marc van Kreveld and Jun Luo},
  title = {The Definition and Computation of Trajectory and Subtrajectory Similarity},
  booktitle = {Proceedings of the ACM International Symposium on Advances in Geographic
	Information Systems},
  year = {2007},
  pages = {44:1--44:4},
  date-added = {2011-11-03 15:52:13 +0100},
  date-modified = {2011-11-03 15:54:14 +0100}
}

@INPROCEEDINGS{krishnamurthy_et_al_2012,
  author = {Krishnamurthy, Akshay and Balakrishnan, Sivaraman and Xu, Min and
	Singh, Aarti},
  title = {Efficient Active Algorithms for Hierarchical Clustering},
  booktitle = {Proceedings of the International Conference on Machine Learning},
  year = {2012},
  owner = {necrolyte},
  timestamp = {2014.10.02}
}

@ARTICLE{Kubicka_et_al_1995,
  author = {Ewa Kubicka and Grzegorz Kubicki and F.R. McMorris},
  title = {An algorithm to find agreement subtrees},
  journal = {Journal of Classification},
  year = {1995},
  volume = {12},
  pages = {91--99},
  owner = {necrolyte},
  timestamp = {2013.03.23}
}

@ARTICLE{tashin_chang_sussman_saltz,
  author = {Kurc, Tahsin and \c{C}ataly\"{u}rek, \"{U}mit and Chang, Chialin
	and Sussman, Alan and Saltz, Joel},
  title = {Visualization of large data sets with the active data repository},
  journal = {IEEE Computer Graphics and Applications},
  year = {2001},
  volume = {21},
  pages = {24--33},
  number = {4},
  publisher = {IEEE Computer Society Press}
}

@ARTICLE{kwan_2000,
  author = {Kwan, M.},
  title = {Interactive geovisualization of activity-travel patterns using three-dimensional
	geographical information systems: a methodological exploration with
	a large data set},
  journal = {Transportation Research Part C: Emerging Technologies},
  year = {2000},
  volume = {8},
  pages = {185--203},
  owner = {necrolyte},
  timestamp = {2014.06.25}
}

@INPROCEEDINGS{lampe_et_al_2010,
  author = {Lampe, Ove Daae and Kehrer, Johannes and Hauser, Helwig},
  title = {Visual Analysis of Multivariate Movement Data using Interactive Difference
	Views},
  booktitle = {Vision, Modeling, and Visualization},
  year = {2010},
  pages = {315--322},
  owner = {necrolyte},
  timestamp = {2014.08.25}
}

@ARTICLE{lance_williams_1967,
  author = {G. N. Lance and W. T. Williams},
  title = {A General Theory of Classificatory Sorting Strategies 1.~Hierarchical
	Systems},
  journal = {The Computer Journal},
  year = {1967},
  volume = {9},
  pages = {373--380},
  number = {4},
  date-added = {2012-04-20 12:15:25 +0200},
  date-modified = {2012-04-20 12:16:50 +0200}
}

@INPROCEEDINGS{landesberger_et_al_2009,
  author = {T. von Landesberger and M. Gorner and T. Schreck},
  title = {Visual Analysis of Graphs with Multiple Connected Components},
  booktitle = {Proceedings of IEEE Symposium on Visual Analytics Science and Technology},
  year = {2009},
  pages = {155--162},
  owner = {necrolyte},
  timestamp = {2013.03.22}
}

@ARTICLE{Landesberger_et_al_2011,
  author = {Tatiana von Landesberger and Arjan Kuijper and Tobias Schreck and
	J{\"o}rn Kohlhammer and Jarke Van Wijk and Jean-Daniel Fekete and
	Dieter, W. Fellner},
  title = {Visual Analysis of Large Graphs: State-of-the-Art and Future Research
	Challenges},
  journal = {Computer Graphics Forum},
  year = {2011},
  volume = {30},
  pages = {1719--1749},
  owner = {necrolyte},
  timestamp = {2013.03.22}
}

@ARTICLE{lang_oberlaender_bastian_sakmann,
  author = {Stefan Lang and Marcel Oberlaender and Peter Bastian and Bert Sakmann},
  title = {Simulation of Innervation and Activation Scenarios of Morphologically
	Detailed, Large-Scale Neuron Networks in a Column of the Primary
	Somatosensory Cortex with NeuroDUNE},
  journal = {Frontiers in Computational Neuroscience},
  year = {2010},
  volume = {4},
  pages = {5},
  number = {0},
  date-modified = {2011-11-03 16:01:51 +0100}
}

@ARTICLE{langenberg_et_al_2006,
  author = {Tobias Langenberg and Tadeusz Dracz and Andrew C Oates and Carl-Philip
	Heisenberg and Michael Brand},
  title = {Analysis and visualization of cell movement in the developing zebrafish
	brain},
  journal = {Developmental dynamics},
  year = {2006},
  volume = {4},
  pages = {928--933},
  number = {235},
  month = {April},
  date-added = {2011-12-06 20:32:08 +0100},
  date-modified = {2011-12-06 20:35:09 +0100}
}

@INPROCEEDINGS{lee_et_al_2007,
  author = {Lee, Jae-Gil and Han, Jiawei and Whang, Kyu-Young},
  title = {Trajectory clustering: a partition-and-group framework},
  booktitle = {Proceedings of the ACM SIGMOD Conference on Management of Data},
  year = {2007},
  pages = {593--604},
  owner = {necrolyte},
  timestamp = {2014.07.16}
}

@INPROCEEDINGS{leitte_et_al_2012,
  author = {Heike Leitte and Jens Fangerau and Xinghua Lou and Burkhard H\"ockendorf
	and Steffen Lemke and Alexis Maizel and Jochen Wittbrodt},
  title = {Visualization Software for {3D} Video Microscopy: {A} Design study},
  booktitle = {Proc Euro Conf Vis (EuroVis Short Papers)},
  year = {2012},
  doi = {10.2312/PE/EuroVisShort/EuroVisShort2012/073-077}
}

@ARTICLE{levenshtein_1966,
  author = {Levenshtein, VI},
  title = {Binary Codes Capable of Correcting Deletions, Insertions and Reversals},
  journal = {Soviet Physics Doklady},
  year = {1966},
  owner = {jfangera},
  timestamp = {2014.06.13}
}

@ARTICLE{li_et_al_2008,
  author = {Kang Li and Mei Chen and Takeo Kanade and Eric Miller and Lee Weiss
	and Phil Campbell},
  title = {Cell Population Tracking and Lineage Construction with Spatiotemporal
	Context},
  journal = {Medical Image Analysis},
  year = {2008},
  volume = {12},
  pages = {546--566},
  number = {5},
  owner = {necrolyte},
  timestamp = {2014.01.20}
}

@BOOK{Li_2009,
  title = {Markov Random Field Modeling in Image Analysis},
  publisher = {Springer},
  year = {2009},
  author = {Li, Stan Z.},
  owner = {necrolyte},
  timestamp = {2014.01.20}
}

@ARTICLE{graham_currie2007,
  author = {Lieschke, Graham J. and Currie, Peter D.},
  title = {Animal models of human disease: {Z}ebrafish swim into view},
  journal = {Nature Reviews Genetics},
  year = {2007},
  volume = {8},
  pages = {353--367},
  number = {5},
  month = {May},
  date-added = {2011-11-27 14:01:07 +0100},
  date-modified = {2011-11-27 14:02:46 +0100},
  keywords = {animal, models, nature, zebrafish}
}

@INPROCEEDINGS{lin_and_su_2005,
  author = {Lin, Bin and Su, Jianwen},
  title = {Shapes based trajectory queries for moving objects},
  booktitle = {Proceedings of the International Workshop on Geographic Information
	Systems},
  year = {2005},
  pages = {21--30},
  date-added = {2012-04-22 16:47:40 +0200},
  date-modified = {2012-04-22 16:49:41 +0200}
}

@ARTICLE{lindenmayer_1968,
  author = {Aristid Lindenmayer},
  title = {Mathematical models for cellular interaction in development: {P}arts
	{I} and {II}.},
  journal = {Journal of Theoretical Biology},
  year = {1968},
  volume = {18},
  pages = {280--315},
  owner = {necrolyte},
  timestamp = {2015.04.05}
}

@INPROCEEDINGS{liu_et_al_2011,
  author = {Liu, He and Gao, Yuan and Lu, Lu and Liu, Siyuan and Qu, Huamin and
	Ni, Lionel M.},
  title = {Visual analysis of route diversity},
  booktitle = {IEEE Conference on Visual Analytics Science and Technology},
  year = {2011},
  pages = {171--180},
  owner = {necrolyte},
  timestamp = {2014.07.08}
}

@INPROCEEDINGS{liu_and_schneider_2012,
  author = {Liu, Hechen and Schneider, Markus},
  title = {Similarity Measurement of Moving Object Trajectories},
  booktitle = {Proceedings of the International Workshop on GeoStreaming},
  year = {2012},
  owner = {necrolyte},
  timestamp = {2014.06.18}
}

@INPROCEEDINGS{Liu_et_al_2008,
  author = {Shixia Liu and Nan Cao and Hao Lv},
  title = {Interactive Visual Analysis of the NSF Funding Information},
  booktitle = {Proceedings of IEEE Pacific Visualization Symposium},
  year = {2008},
  pages = {183--190},
  owner = {necrolyte},
  timestamp = {2013.03.23}
}

@INPROCEEDINGS{lou_Hamprecht_2011,
  author = {Lou, Xinghua and Hamprecht, Fred A.},
  title = {Structured Learning for Cell Tracking},
  booktitle = {Conference on Neural Information Processing Systems},
  year = {2011},
  owner = {necrolyte},
  timestamp = {2013.12.18}
}

@INPROCEEDINGS{lou_et_al_2011,
  author = {Lou, Xinghua and Kaster, Frederik O. and Lindner, Martin S. and Kausler,
	B. X. and K{\"o}the, Ullrich and Hockendorf, B. and Wittbrodt, J.
	and J\"anicke, H. and Hamprecht, Fred A.},
  title = {{DELTR}: Digital Embryo Lineage Tree Reconstructor},
  booktitle = {Biomedical Imaging: From Nano to Macro},
  year = {2011},
  pages = {1557--1560},
  date-added = {2011-10-06 14:23:50 +0200},
  date-modified = {2012-04-28 16:08:38 +0200}
}

@INPROCEEDINGS{lou_et_al_2012,
  author = {Lou, Xinghua and Koethe, Ullrich and Wittbrodt, Jochen and Hamprecht,
	Fred A.},
  title = {Learning to segment dense cell nuclei with shape prior},
  booktitle = {Computer Vision and Pattern Recognition},
  year = {2012},
  pages = {1012--1018},
  owner = {necrolyte},
  timestamp = {2013.12.18}
}

@ARTICLE{Lucas11032013,
  author = {Lucas, Mika{\"e}l and Kenobi, Kim and von Wangenheim, Daniel and
	Vo$\beta$, Ute and Swarup, Kamal and De Smet, Ive and Van Damme,
	Dani{\"e}l and Lawrence, Tara and P{\'e}ret, Benjamin and Moscardi,
	Eric and Barbeau, Daniel and Godin, Christophe and Salt, David and
	Guyomarc'h, Soazig and Stelzer, Ernst H K and Maizel, Alexis and
	Laplaze, Laurent and Bennett, Malcolm J},
  title = {Lateral root morphogenesis is dependent on the mechanical properties
	of the overlaying tissues.},
  journal = {Proc Natl Acad Sci USA},
  year = {2013},
  volume = {110},
  pages = {5229--5234},
  number = {13},
  doi = {10.1073/pnas.1210807110}
}

@BOOK{LOD3D,
  title = {Level of Detail for 3D Graphics},
  publisher = {Elsevier Science Inc.},
  year = {2002},
  author = {Luebke, David and Watson, Benjamin and Cohen, Jonathan D. and Reddy,
	Martin and Varshney, Amitabh},
  address = {New York, NY, USA},
  isbn = {1558608389}
}

@ARTICLE{luengo_ledesma_peyrieras_santos,
  author = {MA Luengo-Oroz and MJ Ledesma-Carbayo and N Peyri{\'e}ras and A Santos},
  title = {Image analysis for understanding embryo development: a bridge from
	microscopy to biological insights},
  journal = {Current Opinion in Genetics},
  year = {2011},
  volume = {21},
  pages = {630--637},
  number = {5},
  date-added = {2011-11-29 11:08:22 +0100},
  date-modified = {2011-11-29 11:16:08 +0100}
}

@INPROCEEDINGS{lundblad_et_al_2009,
  author = {Lundblad, Patrik and Eurenius, Oskar and Heldring, Tobias},
  title = {Interactive Visualization of Weather and Ship Data},
  booktitle = {Proceedings of the International Conference on Information Visualization},
  year = {2009},
  owner = {necrolyte},
  timestamp = {2014.06.28}
}

@INCOLLECTION{maimon_and_rokach_2005,
  author = {O. Maimon and L. Rokach},
  title = {Clustering Methods},
  booktitle = {The Data Mining and Knowledge Discovery Handbook},
  publisher = {Springer},
  year = {2005},
  chapter = {15},
  pages = {321--352},
  owner = {jfangera},
  timestamp = {2014.07.11}
}

@ARTICLE{maizel_et_al_2011,
  author = {Maizel, Alexis and von Wangenheim, Daniel and Federici, Fern\'{a}n
	and Haseloff, Jim and Stelzer, Ernst H.K.},
  title = {High-resolution live imaging of plant growth in near physiological
	bright conditions using light sheet fluorescence microscopy},
  journal = {Plant J},
  year = {2011},
  volume = {68},
  pages = {377--385},
  number = {2},
  doi = {10.1111/j.1365-313X.2011.04692.x},
  timestamp = {2013.12.15}
}

@ARTICLE{malamy_benfey_1997,
  author = {Malamy, Jocelyn E. and Benfey, Philip N.},
  title = {Organization and cell differentiation in lateral roots of {A}rabidopsis
	thaliana},
  journal = {Development},
  year = {1997},
  volume = {124},
  pages = {33--44},
  number = {1},
  date-added = {2013-07-29 17:04:35 +0200},
  date-modified = {2014-04-15 14:28:25 +0200}
}

@ARTICLE{martinelli_et_al_1997,
  author = {Sylvia D. Martinelli and Clive G. Brown and Richard Durbin},
  title = {Gene expression and development databases for C. elegans},
  journal = {Seminars in Cell and Developmental Biology},
  year = {1997},
  volume = {8},
  pages = {459--467},
  number = {5}
}

@ARTICLE{matsen_and_evans_2012,
  author = {Matsen, Frederick A. and Evans, Steven N.},
  title = {Ubiquity of synonymity: almost all large binary trees are not uniquely
	identified by their spectra or their immanantal polynomials},
  journal = {Algorithms for Molecular Biology},
  year = {2012},
  volume = {7},
  pages = {14},
  number = {1},
  owner = {necrolyte},
  timestamp = {2014.08.06}
}

@ARTICLE{mccormick-defanti-brown,
  author = {B. H. Mc{C}ormick and T. A. De{F}anti and M. D. Brown},
  title = {Visualization in Scientific Computing},
  journal = {ACM Special Interest Group on Graphics and Interactive Techniques
	(SIGGRAPH)},
  year = {1987},
  volume = {21},
  number = {6},
  month = {November}
}

@ARTICLE{mcmahon_et_al_2008,
  author = {Mc{M}ahon, Amy and Supatto, Willy and Fraser, Scott E and Stathopoulos,
	Angelike},
  title = {Dynamic analyses of {D}rosophila gastrulation provide insights into
	collective cell migration},
  journal = {Science},
  year = {2008},
  volume = {322},
  pages = {1546--1550},
  owner = {necrolyte},
  timestamp = {2014.08.25}
}

@ARTICLE{mcquitty_1957,
  author = {L. L. Mc{Q}uitty},
  title = {Elementary Linkage Analysis for Isolating Orthogonal and Oblique
	Types and Typal Relevancies},
  journal = {Educational and Psychological Measurement},
  year = {1957},
  volume = {17},
  pages = {207--229},
  owner = {necrolyte},
  timestamp = {2014.09.10}
}

@BOOK{mcLachlan_and_krishnan_2008,
  title = {The EM algorithm and extensions},
  publisher = {Wiley},
  year = {2008},
  author = {McLachlan, Geoffrey J. and Krishnan, Thriyambakam},
  edition = {2nd},
  owner = {necrolyte},
  timestamp = {2014.07.16}
}

@ARTICLE{melani_et_al_2007,
  author = {Melani, C. and Campana, M. and Lombardot, B. and Rizzi, B. and Veronesi,
	F. and Zanella, C. and Bourgine, P. and Mikula, K. and Peyrieras,
	N. and Sarti, A.},
  title = {Cells tracking in a live zebrafish embryo},
  journal = {29th Annual International Conference on Engineering in Medicine and
	Biology Society (EMBS)},
  year = {2007},
  volume = {1},
  pages = {1631--1634},
  date-added = {2011-12-06 21:36:00 +0100},
  date-modified = {2011-12-06 21:38:10 +0100}
}

@ARTICLE{minc_and_piel_2012,
  author = {Minc, Nicolas and Piel, Matthieu},
  title = {Predicting division plane position and orientation},
  journal = {Trends in Cell Biology},
  year = {2012},
  volume = {22},
  pages = {193--200},
  owner = {necrolyte},
  timestamp = {2015.05.07}
}

@ARTICLE{Mlodzianoski_et_al_2011,
  author = {Mlodzianoski, Michael J. and Schreiner, John M. and Callahan, Steven
	P. and Smolkov\'{a}, Katarina and Dlaskov\'{a}, Andrea and \v{S}antorov\'{a},
	Jitka and Je\v{z}ek, Petr and Bewersdorf, Joerg},
  title = {Sample drift correction in 3{D} fluorescence photoactivation localization
	microscopy},
  journal = {Optics Express},
  year = {2011},
  volume = {19},
  pages = {15009--15019},
  number = {16},
  date-added = {2014-01-31 15:48:27 +0100},
  date-modified = {2014-01-31 15:52:43 +0100}
}

@BOOK{montgomery_runger_2006,
  title = {Applied Statistics and Probability for Engineers},
  publisher = {John Wiley \& Sons},
  year = {2006},
  author = {Montgomery, Douglas C. and Runger, George C.},
  owner = {necrolyte},
  timestamp = {2014.06.01}
}

@INPROCEEDINGS{moreland_2009,
  author = {Kenneth Moreland},
  title = {Diverging Color Maps for Scientific Visualization},
  booktitle = {Proceedings of the 5th International Symposium on Advances in Visual
	Computing: Part II},
  year = {2009},
  pages = {92--103},
  publisher = {Springer-Verlag},
  owner = {necrolyte},
  timestamp = {2013.03.22}
}

@ARTICLE{Mulder98asurvey,
  author = {Jurriaan D. Mulder and Jarke van Wijk and Robert Van Liere},
  title = {A Survey of Computational Steering Environments},
  journal = {Future Generation Computer Systems},
  year = {1998},
  volume = {13}
}

@INPROCEEDINGS{munzner_1997,
  author = {Munzner, Tamara},
  title = {H3: {L}aying out large directed graphs in 3D hyperbolic space},
  booktitle = {Proceedings of IEEE Symposium on Information Visualization},
  year = {1997},
  pages = {2--10},
  owner = {necrolyte},
  timestamp = {2014.07.21}
}

@INPROCEEDINGS{munzner_et_al_2003,
  author = {Tamara Munzner and Fran\c{c}ois Guimbreti\`{e}re and Serdar Tasiran
	and Li Zhang and Yunhong Zhou},
  title = {Tree{J}uxtaposer: {S}calable tree comparison using {F}ocus+{C}ontext
	with guaranteed visibility},
  booktitle = {Proceedings of the SIGGRAPH Conference on Computer Graphics and Interactive
	Techniques},
  year = {2003},
  owner = {necrolyte},
  timestamp = {2013.03.22}
}

@ARTICLE{Murashige_and_Skoog_1962,
  author = {Murashige, Toshio and Skoog, Folke},
  title = {A Revised Medium for Rapid Growth and Bio Assays with Tobacco Tissue
	Cultures},
  journal = {Physiologia Plantarum},
  year = {1962},
  volume = {15},
  pages = {473--497},
  number = {3},
  date-added = {2014-01-31 16:17:19 +0100},
  date-modified = {2014-01-31 16:18:30 +0100}
}

@INPROCEEDINGS{navigli_and_lapata_2007,
  author = {Roberto Navigli and Mirella Lapata},
  title = {Graph connectivity measures for unsupervised word sense disambiguation},
  booktitle = {Proceedings of the 20th International Joint Conference on Artifical
	Intelligence},
  year = {2007},
  pages = {1683--1688},
  owner = {necrolyte},
  timestamp = {2013.03.23}
}

@INPROCEEDINGS{neumann_et_al_2006,
  author = {Neumann, Petra and Carpendale, M. Sheelagh T. and Agarawala, Anand},
  title = {PhylloTrees: Phyllotactic Patterns for Tree Layout},
  booktitle = {Proceedings of the Joint Eurographics and IEEE TVCG Symposium on
	Visualization},
  year = {2006},
  pages = {59--66},
  owner = {necrolyte},
  timestamp = {2014.07.21}
}

@ARTICLE{nikolova_and_jaworska_2003,
  author = {Nikolova, Nina and Jaworska, Joanna},
  title = {Approaches to Measure Chemical Similarity -- a Review},
  journal = {Quantitative Structure-Activity Relationships (QSAR) \& Combinatorial
	Science},
  year = {2003},
  volume = {22},
  pages = {1006--1026},
  owner = {necrolyte},
  timestamp = {2014.06.18}
}

@ARTICLE{donoghue_et_al_2010,
  author = {O'Donoghue, Se{\'a}n I. and Gavin, Anne-Claude C. and Gehlenborg,
	Nils and Goodsell, David S. and H{\'e}rich{\'e}, Jean-Karim K. and
	Nielsen, Cydney B. and North, Chris and Olson, Arthur J. and Procter,
	James B. and Shattuck, David W. and Walter, Thomas and Wong, Bang},
  title = {Visualizing biological data - now and in the future},
  journal = {Nature Methods},
  year = {2010},
  volume = {7},
  pages = {S2--S4},
  number = {3 Suppl},
  date-added = {2011-12-06 17:06:52 +0100},
  date-modified = {2011-12-06 17:09:28 +0100}
}

@ARTICLE{oeltze_et_al_2007,
  author = {Steffen Oeltze and Helmut Doleisch and Helwig Hauser and Philipp
	Muigg and Bernhard Preim},
  title = {Interactive Visual Analysis of Perfusion Data},
  journal = {IEEE Transactions on Visualization and Computer Graphics},
  year = {2007},
  volume = {13},
  pages = {1392--1399},
  number = {6},
  date-added = {2012-03-18 15:31:07 +0100},
  date-modified = {2012-03-18 15:33:18 +0100}
}

@ARTICLE{olivier_et_al_2010,
  author = {Olivier, Nicolas and Luengo-Oroz, Miguel A. and Duloquin, Louise
	and Faure, Emmanuel and Savy, Thierry and Veilleux, Isra\"{e}l and
	Solinas, Xavier and D{\'e}barre, Delphine and Bourgine, Paul and
	Santos, Andr{\'e}s and Peyri{\'e}ras, Nadine and Beaurepaire, Emmanuel},
  title = {Cell Lineage Reconstruction of Early Zebrafish Embryos Using Label-Free
	Nonlinear Microscopy},
  journal = {Science},
  year = {2010},
  volume = {329},
  pages = {967--971},
  number = {5994},
  date-added = {2011-12-09 20:09:44 +0100},
  date-modified = {2011-12-09 20:12:54 +0100}
}

@INPROCEEDINGS{ossama_and_mokhtar_2009,
  author = {Omnia Ossama and Hoda M. O. Mokhtar},
  title = {Similarity Search in Moving Object Trajectories},
  booktitle = {Procceedings of the 15th International Conference on Management of
	Data},
  year = {2009},
  date-added = {2011-11-03 11:02:12 +0100},
  date-modified = {2011-11-03 11:04:23 +0100}
}

@INCOLLECTION{Overvoorde_et_al_2010,
  author = {Paul Overvoorde and Hidehiro Fukaki and Tom Beeckman},
  title = {Auxin control of root development},
  booktitle = {Cold Spring Harbor Perspectives in Biology},
  publisher = {Cold Spring Harbor Lab Press},
  year = {2010},
  owner = {necrolyte},
  timestamp = {2014.03.06}
}

@ARTICLE{pawlik_and_augsten_2011,
  author = {Pawlik, Mateusz and Augsten, Nikolaus},
  title = {{RTED}: {A} Robust Algorithm for the Tree Edit Distance},
  journal = {Proceedings of the International Conference on Very Large Databases},
  year = {2011},
  volume = {5},
  pages = {334--345},
  owner = {necrolyte},
  timestamp = {2014.10.06}
}

@INPROCEEDINGS{pelekis_et_al_2007,
  author = {Nikos Pelekis and Ioannis Kopanakis and Gerasimos Marketos and Irene
	Ntoutsi and Gennady L. Andrienko and Yannis Theodoridis},
  title = {Similarity Search in Trajectory Databases},
  booktitle = {Proceedings on Temporal Representation and Reasoning},
  year = {2007},
  pages = {129--140},
  date-added = {2011-11-03 15:17:26 +0100},
  date-modified = {2012-04-22 15:39:16 +0200}
}

@ARTICLE{peng_2008,
  author = {Peng, Hanchuan},
  title = {Bioimage informatics: {A} new area of engineering biology},
  journal = {Bioinformatics},
  year = {2008},
  volume = {24},
  pages = {1827--1836},
  number = {17},
  month = {September},
  date-added = {2011-12-06 20:42:46 +0100},
  date-modified = {2011-12-06 20:43:32 +0100}
}

@ARTICLE{phuc_and_phung_2009,
  author = {Do Phuc and Nguyen Thi Kim Phung},
  title = {Using Spectral Vectors and M-Tree for Graph Clustering and Searching
	in Graph Databases of Protein Structures},
  journal = {World Academy of Science, Engineering and Technology},
  year = {2009},
  volume = {3},
  pages = {275--280},
  owner = {necrolyte},
  timestamp = {2014.08.06}
}

@ARTICLE{piringer_kosara_hauser_2004,
  author = {Harald Piringer and Robert Kosara and Helwig Hauser},
  title = {Interactive Focus+Context Visualization with Linked 2D/3D Scatterplots},
  journal = {Proceedings of Second International Conference on Coordinated and
	Multiple Views in Exploratory Visualization},
  year = {2004},
  pages = {49--60},
  date-added = {2012-03-18 15:35:48 +0100},
  date-modified = {2012-03-18 15:38:31 +0100}
}

@BOOK{podani_2000,
  title = {Introduction to the exploration of multivariate biological data},
  publisher = {Backhuys Publishers},
  year = {2000},
  author = {Podani, J.},
  owner = {necrolyte},
  timestamp = {2014.07.16}
}

@ARTICLE{procter_et_al_2010,
  author = {James B. Procter and Julie Thompson and Ivica Letunic and Chris Creevey
	and Fabrice Jossinet and Geoffrey J. Barton},
  title = {Visualization of multiple alignments, phylogenies and gene family
	evolution},
  journal = {Nature Methods},
  year = {2010},
  volume = {7},
  pages = {516--525},
  owner = {necrolyte},
  timestamp = {2014.07.21}
}

@BOOK{prusinkiewicz_lindenmayer_1990,
  title = {The algorithmic beauty of plants},
  publisher = {Springer},
  year = {1990},
  author = {Prusinkiewicz, Przemyslaw and Lindenmayer, Aristid},
  owner = {jens},
  timestamp = {2015.04.06}
}

@ARTICLE{prusinkiewicz_runions_2012,
  author = {Prusinkiewicz, Przemyslaw and Runions, Adam},
  title = {Computational models of plant development and form},
  journal = {New Phytol},
  year = {2012},
  volume = {193},
  pages = {549--569},
  number = {3},
  doi = {10.1111/j.1469-8137.2011.04009.x},
  owner = {jens},
  timestamp = {2015.04.06}
}

@ARTICLE{rafiei_and_mendelzon_2002,
  author = {Davood Rafiei and Alberto O. Mendelzon},
  title = {Efficient Retrieval of Similar Shapes},
  journal = {International Conference on Very Large Databases},
  year = {2002},
  volume = {11},
  pages = {17--27},
  number = {1},
  month = {August},
  date-added = {2011-11-03 17:34:54 +0100},
  date-modified = {2014-06-20 08:00:24 +0000}
}

@ARTICLE{Rafsanjani_et_al_2012,
  author = {Marjan Kuchaki Rafsanjani and Zahra Asghari Varzaneh and Nasibeh
	Emami Chukanlo},
  title = {A survey of hierarchical clustering algorithms},
  journal = {The {J}ournal of Mathematics and Computer Science},
  year = {2012},
  volume = {5},
  pages = {229--240},
  number = {3},
  date-added = {2014-04-16 12:36:45 +0200},
  date-modified = {2014-04-16 12:38:21 +0200}
}

@ARTICLE{rand_1971,
  author = {Rand, William M.},
  title = {Objective criteria for the evaluation of clustering methods},
  journal = {Journal of the American Statistical Association},
  year = {1971},
  volume = {66},
  pages = {846--850},
  owner = {necrolyte},
  timestamp = {2014.09.30}
}

@ARTICLE{reingold1981tidier,
  author = {Reingold, Edward M. and Tilford, John S.},
  title = {Tidier Drawings of Trees},
  journal = {IEEE Transactions on Software Engineering},
  year = {1981},
  volume = {7},
  pages = {223--228},
  number = {2},
  owner = {necrolyte},
  timestamp = {2014.02.14}
}

@ARTICLE{rieu_et_al_1998,
  author = {Rieu, Jean Paul and Kataoka, Naoki and Sawada, Yasuji},
  title = {Quantitative analysis of cell motion during sorting in two-dimensional
	aggregates of dissociated hydra cells},
  journal = {Physical Review E},
  year = {1998},
  volume = {57},
  pages = {924--931},
  number = {1},
  owner = {necrolyte},
  timestamp = {2014.07.18}
}

@BOOK{rijsbergen_1979,
  title = {Information Retrieval},
  publisher = {Butterworth},
  year = {1979},
  author = {van Rijsbergen, Cornelis Joost},
  owner = {necrolyte},
  timestamp = {2014.09.30}
}

@ARTICLE{rinzivillo_et_al_2008,
  author = {Rinzivillo, Salvatore and Pedreschi, Dino and Nanni, Mirco and Giannotti,
	Fosca and Andrienko, Natalia V. and Andrienko, Gennady L.},
  title = {Visually-driven analysis of movement data by progressive clustering},
  journal = {Information Visualization},
  year = {2008},
  volume = {7},
  pages = {225--239},
  number = {3--4},
  owner = {necrolyte},
  timestamp = {2014.06.25}
}

@INPROCEEDINGS{robertson_et_al_1991,
  author = {Robertson, George G. and Mackinlay, Jock D. and Card, Stuart K.},
  title = {Cone Trees: {A}nimated 3D visualizations of hierarchical information},
  booktitle = {Proceedings of the SIGCHI Conference on Human Factors in Computing
	Systems},
  year = {1991},
  pages = {189--194},
  owner = {necrolyte},
  timestamp = {2014.07.21}
}

@ARTICLE{robinson_and_foulds_1981,
  author = {D.F. Robinson and L.R. Foulds},
  title = {Comparison of phylogenetic trees},
  journal = {Mathematical Biosciences},
  year = {1981},
  volume = {53},
  pages = {131--147},
  owner = {necrolyte},
  timestamp = {2014.07.21}
}

@INCOLLECTION{rokach_2010,
  author = {Lior Rokach},
  title = {A survey of Clustering Algorithms},
  booktitle = {Data Mining and Knowledge Discovery Handbook},
  publisher = {Springer},
  year = {2010},
  pages = {269--298},
  owner = {jfangera},
  timestamp = {2014.07.11}
}

@ARTICLE{rosenfeld_pfaltz_1966,
  author = {Rosenfeld, Azriel and Pfaltz, John L.},
  title = {Sequential Operations in Digital Picture Processing},
  journal = {Journal of the Association for Computing Machinery},
  year = {1966},
  volume = {14},
  pages = {471--494},
  owner = {necrolyte},
  timestamp = {2013.07.08}
}

@ARTICLE{RuWi92,
  author = {Rumpf, M. and Wierse, A.},
  title = {{GRAPE}, Eine interaktive Umgebung f\"ur Visualisierung und Numerik},
  journal = {Informatik, Forschung und Entwicklung},
  year = {1992},
  volume = {7},
  pages = {145--151},
  publisher = {Springer}
}

@ARTICLE{sachs_1878,
  author = {J. Sachs},
  title = {On the arrangement of cells in embryonic tissues},
  journal = {Arb. d. bot. Inst. Würzburg},
  year = {1878},
  volume = {2},
  pages = {46--104},
  owner = {necrolyte},
  timestamp = {2015.05.07}
}

@INPROCEEDINGS{sakurai_et_al_2005,
  author = {Yasushi Sakurai and Masatoshi Yoshikawa and Christos Faloutsos},
  title = {{FTW}: {F}ast Similarity Search under the Time Warping Distance},
  booktitle = {Proceedings of ACM Symposium on Principles of Database Systems},
  year = {2005},
  pages = {326--337},
  date-added = {2011-11-03 16:06:51 +0100},
  date-modified = {2011-11-03 16:08:36 +0100}
}

@ARTICLE{Sanfeliu_Fu_1983,
  author = {Alberto Sanfeliu and King-Sun Fu},
  title = {A Distance measure between attributed relational graphs for pattern
	recognition},
  journal = {IEEE transactions on systems, man, and cybernetics},
  year = {1983},
  volume = {13},
  pages = {353--362},
  owner = {necrolyte},
  timestamp = {2013.03.23}
}

@ARTICLE{saracli_et_al_2013,
  author = {Sara\c{c}li, Sinan and Do\u{g}an, Nurhan and Do\u{g}an, Ismet},
  title = {Comparison of hierarchical cluster analysis methods by cophenetic
	correlation},
  journal = {Journal of Inequalities and Applications},
  year = {2013},
  volume = {1},
  pages = {203--211},
  owner = {necrolyte},
  timestamp = {2014.09.07}
}

@INPROCEEDINGS{scheepens_et_al_2011,
  author = {Scheepens, Roeland and Willems, Niels and van de Wetering, Huub and
	van Wijk, Jarke J.},
  title = {Interactive visualization of multivariate trajectory data with density
	maps},
  booktitle = {Proceedings of IEEE Pacific Visualization Symposium},
  year = {2011},
  pages = {147--154},
  owner = {necrolyte},
  timestamp = {2014.07.08}
}

@ARTICLE{fiji2012,
  author = {Schindelin, Johannes and Arganda-Carreras, Ignacio and Frise, Erwin
	and Kaynig, Verena and Longair, Mark and Pietzsch, Tobias and Preibisch,
	Stephan and Rueden, Curtis and Saalfeld, Stephan and Schmid, Benjamin
	and Tinevez, Jean-Yves and White, Daniel James and Hartenstein, Volker
	and Eliceiri, Kevin and Tomancak, Pavel and Cardona, Albert},
  title = {Fiji: an open-source platform for biological-image analysis},
  journal = {Nature Methods},
  year = {2012},
  volume = {9},
  pages = {676--682},
  owner = {necrolyte},
  timestamp = {2014.01.16}
}

@ARTICLE{schnabel_et_al_1997,
  author = {Ralf Schnabel and Harald Hutter and Don Moerman and Heinke Schnabel},
  title = {Assessing Normal Embryogenesis in Caenorhabditis elegans Using a
	4D Microscope: Variability of Development and Regional Specification},
  journal = {Developmental Biology},
  year = {1997},
  volume = {184},
  pages = {234--265},
  number = {2}
}

@ARTICLE{schneider_and_borlund_2007,
  author = {Schneider, Jesper W. and Borlund, Pia},
  title = {Matrix comparison, Part 1: Motivation and important issues for measuring
	the resemblance between proximity measures or ordination results},
  journal = {Journal of the American Society for Information Science and Technology},
  year = {2007},
  volume = {58},
  pages = {1586--1595},
  number = {11},
  owner = {necrolyte},
  timestamp = {2014.07.15}
}

@ARTICLE{schulz_2011,
  author = {H. Schulz},
  title = {Treevis.net: A Tree Visualization Reference},
  journal = {IEEE Computer Graphics and Applications},
  year = {2011},
  volume = {31},
  pages = {11--15},
  owner = {necrolyte},
  timestamp = {2013.03.22}
}

@INPROCEEDINGS{schulz_et_al_2009,
  author = {Schulz, Hans-J\"org and Hadlak, Steffen and Schumann, Heidrun},
  title = {Point-based tree representation: A new approach for large hierarchies},
  booktitle = {Proceedings of IEEE Pacific Visualization Symposium},
  year = {2009},
  pages = {81--88},
  owner = {necrolyte},
  timestamp = {2014.07.21}
}

@INPROCEEDINGS{Schwenk_1973,
  author = {A. J. Schwenk},
  title = {Almost All Trees are Cospectral},
  booktitle = {New Directions in the Theory of Graphs},
  year = {1973},
  editor = {Frank Harary},
  pages = {275--307},
  publisher = {Academic Press, New York},
  owner = {necrolyte},
  timestamp = {2013.03.23}
}

@ARTICLE{Shasha_Zhang_1990,
  author = {Dennis Shasha and Kaizhong Zhang},
  title = {Fast algorithms for the unit cost editing distance between trees},
  journal = {Journal of Algorithms},
  year = {1990},
  volume = {11},
  pages = {581--621},
  owner = {necrolyte},
  timestamp = {2013.03.23}
}

@INPROCEEDINGS{shneiderman_1996,
  author = {Ben Shneiderman},
  title = {The Eyes Have It: A Task by Data Type Taxonomy for Information Visualizations},
  booktitle = {Proceedings of IEEE Symposium on Visual Languages},
  year = {1996},
  pages = {336--343},
  date-added = {2012-03-18 15:40:20 +0100},
  date-modified = {2012-03-18 15:44:38 +0100}
}

@ARTICLE{shneiderman_1992,
  author = {Ben Shneiderman},
  title = {Tree visualization with tree-maps: 2-d space-filling approach},
  journal = {ACM Transactions on Graphics},
  year = {1992},
  volume = {11},
  pages = {92--99},
  owner = {necrolyte},
  timestamp = {2013.03.25}
}

@ARTICLE{siegert_et_al_1994,
  author = {Florian Siegert and Cornelis J. Weijer and Atsushi Nomura and Hidetoshi
	Miike},
  title = {A gradient method for the quantitative analysis of cell movement
	and tissue flow and its application to the analysis of multicellular
	Dictyostelium development},
  journal = {Journal of Cell Science},
  year = {1994},
  pages = {97--104},
  number = {1},
  date-added = {2011-12-06 20:20:16 +0100},
  date-modified = {2011-12-06 20:21:33 +0100}
}

@ARTICLE{sinha_and_mark_2005,
  author = {Sinha, Gaurav and Mark, David M.},
  title = {Measuring similarity between geospatial lifelines in studies of environmental
	health},
  journal = {Geographical Systems},
  year = {2005},
  volume = {7},
  pages = {115--136},
  owner = {necrolyte},
  timestamp = {2014.06.18}
}

@ARTICLE{sips_et_al_2012,
  author = {Sips, Mike and K\"othur, Patrick and Unger, Andrea and Hege, Hans-Christian
	and Dransch, Doris},
  title = {A Visual Analytics Approach to Multiscale Exploration of Environmental
	Time Series},
  journal = {IEEE Transactions on VIsualization and Computer Graphics},
  year = {2012},
  volume = {18},
  pages = {2899--2907},
  number = {12},
  owner = {necrolyte},
  timestamp = {2014.06.24}
}

@ARTICLE{slater_et_al_2013,
  author = {Benjamin Slater and Camila Londono and Alison P. McGuigan},
  title = {An algorithm to quantify correlated collective cell migration behavior},
  journal = {BioTechniques},
  year = {2013},
  volume = {54},
  pages = {87--92},
  owner = {necrolyte},
  timestamp = {2014.08.25}
}

@ARTICLE{slingsby_et_al_2008,
  author = {Slingsby, Aidan and Dykes, Jason and Wood, Jo},
  title = {Using treemaps for variable selection in spatio-temporal visualisation},
  journal = {Information Visualization},
  year = {2008},
  volume = {7},
  pages = {210--224},
  owner = {necrolyte},
  timestamp = {2014.06.26}
}

@PHDTHESIS{smith_2006,
  author = {Colin Smith},
  title = {On vertex-vertex systems and their use in geometric and biological
	modelling},
  school = {University of Calgary},
  year = {2006},
  owner = {jens},
  timestamp = {2015.04.06}
}

@INCOLLECTION{smith_et_al_2004,
  author = {Smith, Colin and Prusinkiewicz, Przemyslaw and Samavati, Faramarz},
  title = {Local Specification of Surface Subdivision Algorithms},
  booktitle = {Applications of Graph Transformations with Industrial Relevance},
  publisher = {Springer},
  year = {2004},
  volume = {3062},
  pages = {313--327},
  doi = {10.1007/978-3-540-25959-6_23},
  owner = {necrolyte},
  timestamp = {2015.04.05}
}

@ARTICLE{smith_bayer_2004,
  author = {Smith, Richard S. and Bayer, Emmanuelle M.},
  title = {Auxin transport-feedback models of patterning in plants},
  journal = {Plant Cell Environ},
  year = {2009},
  volume = {32},
  pages = {1258--1271},
  number = {9},
  doi = {10.1111/j.1365-3040.2009.01997.x},
  timestamp = {2015.09.02}
}

@ARTICLE{sneath_1957,
  author = {P. Sneath},
  title = {The application of computers to taxonomy},
  journal = {Microbiology},
  year = {1957},
  volume = {17},
  pages = {201--226},
  number = {1},
  owner = {necrolyte},
  timestamp = {2014.07.16}
}

@BOOK{sneath_and_sokal_1973,
  title = {Numerical Taxonomy: The Principles and Practice of Numerical Classification},
  publisher = {W. H. Freeman},
  year = {1973},
  author = {Sneath, P.H.A. and Sokal, R.R.},
  owner = {necrolyte},
  timestamp = {2014.07.16}
}

@ARTICLE{sokal_and_michener_1958,
  author = {R. R. Sokal and C. D. Michener},
  title = {A statistical method for evaluating systematic relationships},
  journal = {University of Kansas Science Bulletin},
  year = {1958},
  volume = {38},
  pages = {1409--1438},
  owner = {necrolyte},
  timestamp = {2014.07.16}
}

@ARTICLE{sokal_and_rohlf_1962,
  author = {Sokal, R. R. and Rohlf, F. J.},
  title = {The comparison of dendrograms by objective methods},
  journal = {Taxon},
  year = {1962},
  volume = {11},
  pages = {33--40},
  owner = {necrolyte},
  timestamp = {2014.09.07}
}

@ARTICLE{sorensen_1948,
  author = {Sorensen, T.},
  title = {A method of establishing groups of equal amplitude in plant sociology
	based on similarity of species and its application to analyses of
	the vegetation on {D}anish commons},
  journal = {Biologiske skrifter},
  year = {1948},
  volume = {5},
  pages = {1--34},
  owner = {necrolyte},
  publisher = {Munksgaard},
  timestamp = {2014.07.16}
}

@INPROCEEDINGS{spretke_et_al_2011,
  author = {Spretke, David and Bak, Peter and Janetzko, Halldor and Kranstauber,
	Bart and Mansmann, Florian and Davidson, Sarah},
  title = {Exploration through enrichment: {A} visual analytics approach for
	animal movement},
  booktitle = {Proceedings of International Conference on Advances in Geographic
	Information Systems},
  year = {2011},
  pages = {421--424},
  owner = {necrolyte},
  timestamp = {2014.06.25}
}

@INPROCEEDINGS{stasko_and_zhang_2000,
  author = {Stasko, John T. and Zhang, Eugene},
  title = {Focus+Context Display and Navigation Techniques for Enhancing Radial,
	Space-Filling Hierarchy Visualizations},
  booktitle = {Proceedings of the IEEE Symposium on Information Visualization},
  year = {2000},
  pages = {57--65},
  owner = {necrolyte},
  timestamp = {2014.07.21}
}

@INPROCEEDINGS{steiger_et_al_2014,
  author = {Steiger, Martin and Bernard, J\"urgen and Mittelst\"adt, Sebastian
	and L\"ucke-Tieke, Hendrik and Keim, Daniel A. and May, Thorsten
	and Kohlhammer, J\"orn},
  title = {Visual Analysis of Time-Series Similarities for Anomaly Detection
	in Sensor Networks},
  booktitle = {Eurographics Conference on Visualization},
  year = {2014},
  owner = {necrolyte},
  timestamp = {2014.06.25}
}

@ARTICLE{tai_1979,
  author = {Tai, Kuo-Chung},
  title = {The Tree-to-Tree Correction Problem},
  journal = {Journal of the Association for Computing Machinery},
  year = {1979},
  volume = {26},
  pages = {422--433},
  owner = {necrolyte},
  timestamp = {2014.07.18}
}

@INPROCEEDINGS{tatu_et_al_2012,
  author = {Tatu, Andrada and Maass, Fabian and Färber, Ines and Bertini, Enrico
	and Schreck, Tobias and Seidl, Thomas and Keim, Daniel A.},
  title = {Subspace search and visualization to make sense of alternative clusterings
	in high-dimensional data},
  booktitle = {IEEE Conference on Visual Analytics Science and Technology (VAST)},
  year = {2012},
  owner = {necrolyte},
  timestamp = {2014.06.24}
}

@INPROCEEDINGS{Tekusova_Schreck_2008,
  author = {Tatiana Tekusova and Tobias Schreck},
  title = {Visualizing Time-Dependent Data in Multivariate Hierarchic Plots
	- Design and Evaluation of an Economic Application},
  booktitle = {Proceedings of the 12th International Conference on Information Visualisation},
  year = {2008},
  pages = {143--150},
  owner = {necrolyte},
  timestamp = {2013.03.22}
}

@BOOK{theodoridis_and_koutroubas_1999,
  title = {Pattern Recognition},
  publisher = {Academic Press},
  year = {1999},
  author = {Theodoridis, S. and Koutroubas, K},
  owner = {necrolyte},
  timestamp = {2014.09.21}
}

@ARTICLE{theodoridis_2003,
  author = {Yannis Theodoridis},
  title = {Ten benchmark database queries for location-based services},
  journal = {The Computer Journal},
  year = {2003},
  volume = {46},
  pages = {713--725},
  date-added = {2011-12-06 22:47:03 +0100},
  date-modified = {2011-12-06 22:48:16 +0100}
}

@BOOK{Thomas_1979,
  title = {The Medusa and the Snail: More Notes of a Biology Watcher},
  publisher = {Penguin Books; 1995 Reprint edition},
  year = {1979},
  author = {Lewis Thomas},
  owner = {necrolyte},
  timestamp = {2014.02.18}
}

@ARTICLE{Tian_et_al_2007,
  author = {Yuanyuan Tian and Richard C. Mceachin and Carlos Santos and David
	J. States and Jignesh M. Patel},
  title = {SAGA: a subgraph matching tool for biological graphs},
  journal = {Bioinformatics},
  year = {2007},
  volume = {23},
  pages = {232--239},
  owner = {necrolyte},
  timestamp = {2013.03.23}
}

@ARTICLE{tominski_et_al_2012,
  author = {Tominski, Christian and Schumann, Heidrun and Andrienko, Gennady
	L. and Andrienko, Natalia V.},
  title = {Stacking-Based Visualization of Trajectory Attribute Data},
  journal = {IEEE Transactions on Visualization and Computer Graphics},
  year = {2012},
  volume = {18},
  pages = {2565--2574},
  number = {12},
  owner = {necrolyte},
  timestamp = {2014.06.25}
}

@ARTICLE{toshniwal_and_joshi_2005,
  author = {Toshniwal, Durga and Joshi, Ramesh C.},
  title = {Similarity Search in Time Series Data Using Time Weighted Slopes},
  journal = {Informatica},
  year = {2005},
  volume = {29},
  pages = {79--88},
  owner = {necrolyte},
  timestamp = {2014.06.18}
}

@INPROCEEDINGS{trajcevski_et_al_2007,
  author = {Goce Trajcevski and Hui Ding and Peter Scheuermann and Roberto Tamassia
	and Dennis Vaccaro},
  title = {Dynamics-Aware Similarity of Moving Objects Trajectories},
  booktitle = {Proceedings of the ACM International Symposium on Advances in Geographic
	Information Systems},
  year = {2007},
  pages = {11:1--11:8},
  date-added = {2011-11-03 14:40:46 +0100},
  date-modified = {2014-06-19 19:45:25 +0000}
}

@ARTICLE{Vermeer:2014fl,
  author = {Vermeer, Joop E M and von Wangenheim, Daniel and Barberon, Marie
	and Lee, Yuree and Stelzer, Ernst H K and Maizel, Alexis and Geldner,
	Niko},
  title = {{A spatial accommodation by neighboring cells is required for organ
	initiation in Arabidopsis.}},
  journal = {Science},
  year = {2014},
  volume = {343},
  pages = {178--183},
  number = {6167},
  doi = {10.1126/science.1245871}
}

@ARTICLE{Vesanto_1999,
  author = {Juha Vesanto},
  title = {{SOM}-Based Data Visualization Methods},
  journal = {Intelligent Data Analysis},
  year = {1999},
  volume = {3},
  pages = {111--126},
  date-modified = {2013-03-30 17:29:21 +0100},
  owner = {necrolyte},
  timestamp = {2013.03.22}
}

@INPROCEEDINGS{vlachos_et_al_2004,
  author = {Vlachos, Michail and Gunopulos, D. and Das, Gautam},
  title = {Rotation invariant distance measures for trajectories},
  booktitle = {Proceedings of the ACM International Conference on Knowledge Discovery
	and Data Mining},
  year = {2004},
  pages = {707--712},
  owner = {necrolyte},
  timestamp = {2014.06.18}
}

@INPROCEEDINGS{vlachos_et_al_2002a,
  author = {Vlachos, Michail and Gunopulos, Dimitrios and Kollios, George},
  title = {Robust Similarity Measures for Mobile Object Trajectories},
  booktitle = {Proceedings of the International Workshop on Database and Expert
	Systems Applications},
  year = {2002},
  pages = {721--728},
  owner = {necrolyte},
  timestamp = {2014.06.18}
}

@INPROCEEDINGS{vlachos_et_al_2002,
  author = {Michail Vlachos and George Kollios and Dimitrios Gunopulos},
  title = {Discovering Similar Multidimensional Trajectories},
  booktitle = {Proceedings of the International Conference on Data Engineering},
  year = {2002},
  pages = {673--684},
  date-added = {2011-11-03 16:11:54 +0100},
  date-modified = {2012-04-22 14:56:55 +0200}
}

@MISC{voitsekhovskii_2014,
  author = {M.I. Voitsekhovskii},
  title = {Hausdorff metric},
  howpublished = {Encyclopedia of Mathematics},
  year = {2014},
  owner = {necrolyte},
  timestamp = {2014.04.06}
}

@ARTICLE{voronoy_1908,
  author = {Georgy Feodosevich Voronoy},
  title = {Nouvelles applications des param\`{e}tres continus \`{a} la th\'{e}orie
	des formes quadratiques},
  journal = {Crelle's Journal},
  year = {1908},
  volume = {134},
  pages = {198--287},
  owner = {necrolyte},
  timestamp = {2014.03.07}
}

@TECHREPORT{wagner_and_wagner_2007,
  author = {Silke Wagner and Dorothea Wagner},
  title = {{C}omparing {C}lusterings -- {A}n {O}verview},
  institution = {Karlsruhe university},
  year = {2007},
  owner = {necrolyte},
  timestamp = {2014.09.19}
}

@ARTICLE{wallace_1983,
  author = {Wallace, David L.},
  title = {A Method for Comparing Two Hierarchical Clusterings: {C}omment},
  journal = {Journal of the American Statistical Association},
  year = {1983},
  volume = {78},
  pages = {569--576},
  owner = {necrolyte},
  timestamp = {2014.09.19}
}

@ARTICLE{walter_et_al_2010,
  author = {Walter, Thomas and Held, Michael and Neumann, Beate and H{\'e}rich{\'e},
	Jean-Karim and Conrad, Christian and Pepperkok, Rainer and Ellenberg,
	Jan},
  title = {Automatic identification and clustering of chromosome phenotypes
	in a genome wide {RNAi} screen by time-lapse imaging},
  journal = {Journal of Structural Biology},
  year = {2010},
  volume = {170},
  pages = {1--9},
  date-modified = {2014-06-20 08:56:50 +0000},
  owner = {jfangera},
  timestamp = {2012.03.14}
}

@ARTICLE{walter_et_al_2010a,
  author = {T. Walter and D.W. Shattuck and R. Baldock and M.E. Bastin and A.E.
	Carpenter and S. Duce and J. Ellenberg and A. Fraser and N. Hamilton
	and S. Pieper and M.A. Ragan and J.E. Schneider and P. Tomancak and
	J-K. H\'erich\'e},
  title = {Visualization of Image Data from Cells to Organisms},
  journal = {Nature methods},
  year = {2010},
  volume = {7},
  pages = {S26--S41},
  number = {3}
}

@INPROCEEDINGS{wang_et_al_2013,
  author = {Wang, Haozhou and Su, Han and Zheng, Kai and Sadiq, Shazia and Zhou,
	Xiaofang},
  title = {An Effectiveness Study on Trajectory Similarity Measures},
  booktitle = {Proceedings of the Australasian Database Conference},
  year = {2013},
  pages = {13--22},
  owner = {necrolyte},
  timestamp = {2014.06.18}
}

@INPROCEEDINGS{wang_et_al_1997,
  author = {Wang, Wei and Yang, Jiong and Muntz, Richard R.},
  title = {{STING}: A Statistical Information Grid Approach to Spatial Data
	Mining},
  booktitle = {Proceedings of the 23th International Conference on Very Large Data
	Bases},
  year = {1997},
  owner = {necrolyte},
  timestamp = {2014.07.16}
}

@INPROCEEDINGS{wang_and_yuan_2014,
  author = {Zuchao Wang and Xiaoru Yuan},
  title = {Urban trajectory timeline visualization},
  booktitle = {Proceedings of the International Conference on Big Data and Smart
	Computing},
  year = {2014},
  pages = {13--18},
  owner = {necrolyte},
  timestamp = {2014.07.08}
}

@PHDTHESIS{wangenheim_2015,
  author = {Daniel von Wangenheim},
  title = {Long term observation of Arabidopsis thaliana root growth in close-to-natural
	conditions using Light Sheet-based Fluorescence Microscopy},
  school = {Goethe-Universit\"at Frankfurt am Main},
  year = {2015},
  note = {To be published},
  owner = {necrolyte},
  timestamp = {2014.07.31}
}

@ARTICLE{wangenheim_et_al_2014,
  author = {von Wangenheim, Daniel and Daum, Gabor and Lohmann, Jan U and Stelzer,
	Ernst K and Maizel, Alexis},
  title = {Live imaging of Arabidopsis development},
  journal = {Methods in Molecular Biology},
  year = {2014},
  volume = {1062},
  pages = {539--550},
  owner = {necrolyte},
  timestamp = {2014.06.24}
}

@ARTICLE{ward_1963,
  author = {Ward, Jr., Joe H.},
  title = {Hierarchical Grouping to Optimize an Objective Function},
  journal = {Journal of the American Statistical Association},
  year = {1963},
  volume = {58},
  pages = {236--244},
  date-added = {2012-04-20 11:37:50 +0200},
  date-modified = {2012-04-20 12:17:49 +0200}
}

@BOOK{Ware12,
  title = {Information Visualization: Perception for Design},
  publisher = {Morgan Kaufmann},
  year = {2012},
  author = {Ware, Colin},
  edition = {3rd.},
  owner = {necrolyte},
  timestamp = {2014.02.14}
}

@ARTICLE{ware_et_al_2006,
  author = {Ware, Colin and Arsenault, Roland and Plumlee, Matthew and Wiley,
	David},
  title = {Visualizing the Underwater Behavior of Humpback Whales},
  journal = {IEEE Computer Graphics and Applications},
  year = {2006},
  volume = {26},
  pages = {14--18},
  owner = {necrolyte},
  timestamp = {2014.06.25}
}

@ARTICLE{liao_2005,
  author = {Warren Liao, T.},
  title = {Clustering of Time Series Data -- {A} survey},
  journal = {Pattern Recognition},
  year = {2005},
  volume = {38},
  pages = {1857--1874},
  owner = {necrolyte},
  timestamp = {2014.06.18}
}

@INPROCEEDINGS{Weber_et_al_2005,
  author = {Gunther H. Weber and Cristian Luis Hendriks Luengo and Soile V. E.
	Ker\"anen and Scott E. Dillard and Derek Ju and Damir Sudar and Bernd
	Hamann},
  title = {Visualization for Validation and Improvement of Three-dimensional
	Segmentation Algorithms},
  booktitle = {Proceedings of the EUROGRAPHICS - IEEE VGTC Symposium on Visualization},
  year = {2005},
  publisher = {Eurographics Association}
}

@ARTICLE{Weber_Huisken2011,
  author = {Michael Weber and Jan Huisken},
  title = {Light sheet microscopy for real-time developmental biology},
  journal = {Current Opinion in Genetics},
  year = {2011},
  volume = {21},
  pages = {566--572},
  number = {5},
  date-added = {2011-11-29 11:03:55 +0100},
  date-modified = {2011-11-29 11:16:59 +0100}
}

@INPROCEEDINGS{widanagamaachchi_et_al_2012,
  author = {Widanagamaachchi, Wathsala and Christensen, Cameron and Bremer, Peer-Timo
	and Pascucci, Valerio},
  title = {Interactive exploration of large-scale time-varying data using dynamic
	tracking graphs},
  booktitle = {IEEE Symposium on Large Data Analysis and Visualization},
  year = {2012},
  pages = {9--17},
  owner = {necrolyte},
  timestamp = {2014.07.18}
}

@INPROCEEDINGS{wijk_wetering_1999,
  author = {Jarke J. van Wijk and Huub van de Wetering},
  title = {Cushion Treemaps: Visualization of Hierarchical Information},
  booktitle = {Proceedings of the IEEE Symposium on Information Visualization},
  year = {1999},
  owner = {necrolyte},
  timestamp = {2013.03.22}
}

@ARTICLE{wilcox1994,
  author = {Rand Wilcox},
  title = {The percentage bend correlation coefficient},
  journal = {Psychometrika},
  year = {1994},
  volume = {59},
  pages = {601--616},
  number = {4},
  month = {December},
  date-added = {2011-11-30 22:47:23 +0100},
  date-modified = {2011-11-30 22:48:28 +0100}
}

@ARTICLE{Wilkinson_et_al_2006,
  author = {Leland Wilkinson and Anushka Anand and Robert Grossman},
  title = {High-Dimensional Visual Analytics: Interactive Exploration Guided
	by Pairwise Views of Point Distributions},
  journal = {IEEE Transactions on Visualization and Computer Graphics},
  year = {2006},
  volume = {12},
  pages = {1363--1372},
  owner = {necrolyte},
  timestamp = {2013.03.22}
}

@PHDTHESIS{willems_2011,
  author = {N. Willems},
  title = {Visualization of Vessel Traffic},
  school = {Eindhoven University of Technology},
  year = {2011},
  owner = {necrolyte},
  timestamp = {2014.06.25}
}

@ARTICLE{willems_et_al_2009,
  author = {Willems, Niels and van de Wetering, Huub and van Wijk, Jarke J.},
  title = {Visualization of vessel movements},
  journal = {Computer Graphics Forum},
  year = {2009},
  volume = {28},
  pages = {959--966},
  owner = {necrolyte},
  timestamp = {2014.06.25}
}

@ARTICLE{Wilson_Zhu_2008,
  author = {Richard C. Wilson and Ping Zhu},
  title = {A study of graph spectra for comparing graphs and trees},
  journal = {Pattern Recognition},
  year = {2008},
  volume = {41},
  pages = {2833--2841},
  number = {9},
  date-added = {2013-03-23 08:38:29 +0100},
  date-modified = {2013-03-23 08:39:42 +0100}
}

@ARTICLE{Wong_et_al_2012,
  author = {Pak Chung Wong and H. Foote and P. Mackey and G. Chin and Zhenyu
	Huang and J. Thomas},
  title = {A Space-Filling Visualization Technique for Multivariate Small-World
	Graphs},
  journal = {IEEE Transactions on Visualization and Computer Graphics},
  year = {2012},
  volume = {18},
  pages = {797--809},
  owner = {jfangera},
  timestamp = {2013.03.28}
}

@ARTICLE{Wong_thomas_2004,
  author = {Pak Chung Wong and Thomas, J.},
  title = {Visual Analytics},
  journal = {IEEE Computer Graphics and Applications},
  year = {2004},
  volume = {24},
  pages = {20--21},
  number = {5},
  month = {Sep},
  owner = {necrolyte},
  timestamp = {2014.06.04}
}

@ARTICLE{wood_and_dykes_2008,
  author = {Wood, Jo and Dykes, Jason},
  title = {Spatially Ordered Treemaps},
  journal = {IEEE Transactions on Visualization and Computer Graphics},
  year = {2008},
  volume = {14},
  pages = {1348--1355},
  owner = {necrolyte},
  timestamp = {2014.06.26}
}

@ARTICLE{wood_et_al_2010,
  author = {Jo Wood and Jason Dykes and Aidan Slingsby},
  title = {Visualization of Origins, Destinations and Flows with {OD} Maps},
  journal = {The Cartographic Journal},
  year = {2010},
  volume = {47},
  pages = {117--129},
  owner = {necrolyte},
  timestamp = {2014.06.26}
}

@ARTICLE{wood_et_al_2011,
  author = {Wood, Jo and Slingsby, Aidan and Dykes, Jason},
  title = {Visualizing the Dynamics of {L}ondon's Bicycle-Hire Scheme},
  journal = {Cartographica},
  year = {2011},
  volume = {46},
  pages = {239--251},
  owner = {necrolyte},
  timestamp = {2014.06.26}
}

@INPROCEEDINGS{wu_et_al_1996,
  author = {Daniel Wu and Divyakant Agrawal and Amr El Abbadi and Ambuj Singh},
  title = {Efficient Retrieval for Browsing Large Image Databases},
  booktitle = {Proceedings of Conference on Information and Knowledge Management},
  year = {1996},
  pages = {11--18},
  owner = {jfangera},
  timestamp = {2014.06.12}
}

@MISC{Wylie:2009,
  author = {Brian Wylie and Jeffrey Baumes},
  title = {A Unified Toolkit for Information and Scientific Visualization},
  howpublished = {Visual Data Analytics},
  year = {2009}
}

@ARTICLE{xu_and_wunsch_2005,
  author = {Rui Xu and Donald Wunsch II},
  title = {Survey of clustering algorithms},
  journal = {IEEE Transactions on Neural Networks},
  year = {2005},
  volume = {16},
  pages = {645--678},
  number = {3},
  month = {May},
  date-added = {2011-11-29 14:00:33 +0100},
  date-modified = {2014-06-20 08:59:05 +0000}
}

@INPROCEEDINGS{yanagisawa_et_al_2003,
  author = {Yutaka Yanagisawa and {Jun-ichi} Akahani and Tetsuji Satoh},
  title = {Shape-Based Similarity Query for Trajectory of Mobile Objects},
  booktitle = {Proceedings of the International Conference on Mobile Data Management},
  year = {2003},
  pages = {63--77},
  date-added = {2011-11-03 18:11:17 +0100},
  date-modified = {2012-04-22 16:40:15 +0200}
}

@INPROCEEDINGS{yang_et_al_2005,
  author = {Yang, Rui and Kalnis, Panos and Tung, Anthony K. H.},
  title = {Similarity Evaluation on Tree-structured Data},
  booktitle = {Proceedings of the ACM SIGMOD Conference on Management of Data},
  year = {2005},
  pages = {754--765},
  owner = {necrolyte},
  timestamp = {2014.07.21}
}

@INPROCEEDINGS{yi_et_al_1998,
  author = {Yi, Byoung-Kee and Jagadish, H. V. and Faloutsos, Christos},
  title = {Efficient Retrieval of Similar Time Sequences Under Time Warping},
  booktitle = {Proceedings of the International Conference on Data Engineering},
  year = {1998},
  pages = {201--208},
  owner = {jfangera},
  timestamp = {2014.06.13}
}

@ARTICLE{yuelong_et_al_2008,
  author = {Zhu Yuelong and Li Shijin and Wan Dingsheng and Zhang Xiaohua},
  title = {A Novel Approach to the Similarity Analysis of Multivariate Time
	Series and Its Application in Hydrological Data Mining},
  journal = {International Conference on Computer Science and Software Engineering},
  year = {2008},
  volume = {4},
  pages = {730--734},
  owner = {necrolyte},
  timestamp = {2014.06.18}
}

@ARTICLE{Zhang_Shasha_1989,
  author = {K. Zhang and D. Shasha},
  title = {Simple fast algorithms for the editing distance between trees and
	related problems},
  journal = {Society for Industrial and Applied Mathematics (SIAM) Journal on
	Computing},
  year = {1989},
  volume = {18},
  pages = {1245--1262},
  owner = {necrolyte},
  timestamp = {2013.03.23}
}

@INPROCEEDINGS{zhang_et_al_1996,
  author = {Zhang, Tian and Ramakrishnan, Raghu and Livny, Miron},
  title = {{BIRCH}: An efficient data clustering method for very large databases},
  booktitle = {Proceedings of the SIGMOD Conference on Management of Data},
  year = {1996},
  owner = {necrolyte},
  timestamp = {2014.07.16}
}

@TECHREPORT{Zhang_2011,
  author = {Xiao-Dong Zhang},
  title = {The Laplacian eigenvalues of graphs: a survey},
  institution = {Department of Mathematics},
  year = {2011},
  owner = {necrolyte},
  timestamp = {2013.03.23}
}

@ARTICLE{zhao_et_al_2008,
  author = {Zhao, Jinfeng and Forer, Pip and Harvey, Andrew S.},
  title = {Activities, ringmaps and geovisualization of large human movement
	fields},
  journal = {Information Visualization},
  year = {2008},
  volume = {7},
  pages = {198--209},
  owner = {necrolyte},
  timestamp = {2014.06.26}
}

@INPROCEEDINGS{zhao_et_al_2005,
  author = {Shengdong Zhao and Michael J. McGuffin and Mark H. Chignell},
  title = {Elastic Hierarchies: Combining Treemaps and Node-Link Diagrams},
  booktitle = {Proceedings of the IEEE Symposium on Information Visualization},
  year = {2005},
  owner = {necrolyte},
  timestamp = {2013.03.22}
}

@ARTICLE{zhao_et_al_2008a,
  author = {Zhongying Zhao and Thomas J. Boyle and Zhirong Bao and John I. Murray
	and Barbara Mericle and Robert H. Waterston},
  title = {Comparative analysis of embryonic cell lineage between {C}aenorhabditis
	briggsae and {C}aenorhabditis elegans},
  journal = {Developmental Biology},
  year = {2008},
  volume = {314},
  pages = {93--99},
  owner = {necrolyte},
  timestamp = {2014.09.01}
}

@ARTICLE{Ziemkiewicz_Kosara_2008,
  author = {Caroline Ziemkiewicz and Robert Kosara},
  title = {The Shaping of Information by Visual Metaphors},
  journal = {IEEE Transactions on Visualization and Computer Graphics},
  year = {2008},
  volume = {14},
  pages = {1269--1276},
  date-modified = {2013-03-30 13:08:51 +0100},
  owner = {necrolyte},
  timestamp = {2013.03.22}
}

